1794 3412
666 273 934 315 -133—

71 416 116 461 p.
150 402 246 444 176.
311 398 361 443 In
396 396 540 441 codice
573 397 763 441 Palatino
796 397 1059 456 adscriptum
1091 394 1240 444 ἄδηλον
1269 393 1326 436 vl
1347 427 1358 446 ‚
1394 395 1496 437 343.

184 480 337 524 Ἔθνεα
364 482 542 522 Βοιωτῶν
573 478 642 521 καὶ
675 477 908 522 Χαλκιδέων
934 476 1202 529 δαμάσαντες

307 560 457 609 παῖδες
490 560 711 609 Ἀθηναίων
743 558 950 613 ἔργμασιν
977 559 1019 601 ἐν
1049 557 1258 611 πολέμου,

189 641 325 694 δεσμῷ
357 642 400 683 ἐν
426 640 644 695 α’χνυόεντι
677 640 840 695 σιδηρέῳ
871 639 1053 693 ἔσβεσαν
1085 637 1201 692 ὕβριν

309 727 389 765 τῶν
419 721 568 771 ἵππους
599 721 776 771 δεκάτην
806 720 1002 765 Παλλάδι
1033 720 1150 769 τάςδ’
1181 718 1337 763 ἔθεσαν.

72 802 122 846 In
155 803 240 846 fine
274 801 627 846 Schneidewinus
657 818 704 845 ex
733 802 886 861 optimi
917 801 1077 845 codicis
1109 800 1317 845 Herodoti
1347 799 1530 842 lectione

70 882 266 926 ἀνέθεσαν
306 884 477 942 scripsit
528 881 682 926 άνέθεν.
754 882 890 939 Quam
940 882 1058 924 verbi
1096 882 1277 924 formam
1330 878 1528 939 equidem

71 962 207 1021 poetis
235 964 430 1006 usitatam
461 961 590 1005 fuisse
634 977 754 1019 nego,
818 961 956 1005 nucia
987 969 1050 1004 est
1077 976 1125 1005 ex
1156 960 1433 1004 vetustissima
1465 959 1528 1002 in-

69 1043 297 1102 scriptione
326 1042 438 1102 apud
465 1041 729 1087 Boeckhium
761 1046 824 1087 n0.
847 1044 920 1086 29.

307 1124 505 1178 Τάργεῖοι
530 1122 669 1166 άνέθεν
694 1123 752 1177 τῷ
778 1122 846 1165 Διὶ
878 1126 956 1165 τῶν
979 1120 1217 1176 Κορινθόθεν.

69 1203 153 1248 Sed
185 1206 370 1264 corrigas
394 1204 606 1253 ἀνέθεντο,
642 1219 728 1263 quo
760 1204 921 1264 species
947 1204 1104 1246 senarii
1133 1218 1261 1262 quam
1292 1201 1356 1246 his
1388 1201 1527 1246 verbis

70 1285 224 1331 addere
255 1287 374 1346 cupit
414 1284 657 1331 Boeckhius
699 1286 925 1331 evanescit.
988 1285 1117 1328 Plena
1146 1284 1370 1344 inscriptio
1402 1283 1530 1328 fuisse

71 1366 267 1412 videtur:
312 1372 393 1411 τῶν
428 1366 651 1422 Κορινθόθεν
697 1365 896 1422 λαφύρων
944 1364 1139 1410 δεκάταν.
1218 1365 1373 1410 Galeae
1413 1366 1528 1409 enim

71 1462 167 1505 pars
209 1455 373 1491 tantum
415 1455 651 1507 supersteS,
700 1447 744 1490 in
789 1462 873 1506 qua
911 1447 1098 1506 legitur:
1148 1453 1386 1491 ANEOEN
1427 1453 1528 1490 TOI

72 1534 199 1571 ΔΙΓΙ.
267 1528 342 1573 Vs.
372 1531 414 1572 3.
458 1542 536 1587 pro
581 1526 800 1581 άχνυόεντι
855 1526 986 1571 codex
1028 1527 1244 1571 Palatinus
1285 1527 1527 1581 άχνυνθέντι

73 1607 188 1667 quod
218 1608 434 1653 Iacobsius
465 1623 490 1651 a
521 1608 650 1652 verbo
676 1606 870 1662 ἄχνυμαι
902 1609 1094 1667 repetiit.
1157 1609 1251 1652 Hoc
1278 1609 1375 1653 fieri
1406 1624 1530 1668 posse

72 1697 188 1733 reete
227 1690 396 1749 negavit
430 1688 668 1733 Lobeekius
693 1687 745 1731 ad
783 1689 945 1732 Buttm.
982 1688 1058 1734 Gr.
1091 1696 1123 1734 t.
1150 1688 1223 1740 ΙΙ,
1258 1705 1302 1748 p.
1330 1690 1404 1734 64.
1468 1690 1528 1733 Εἰ

70 1768 261 1827 plurium
295 1768 491 1812 codicum
533 1769 717 1813 lectione
756 1767 1006 1822 άχνυθὲντι,
1041 1776 1206 1812 mutato
1242 1775 1279 1812 Θ
1308 1770 1352 1813 in
1385 1777 1422 1812 Ο
1452 1785 1531 1829 ego

68 1849 306 1903 άχνυὸεντα
348 1851 471 1902 erui,
521 1849 634 1909 quod
688 1850 887 1908 probavit
926 1848 1295 1893 Schneid-ewinus.
1372 1851 1432 1895 Ut
1473 1850 1527 1893 ab

68 1931 240 1984 ἀχλύς,
273 1929 498 1984 οὶχλυόεις,
543 1931 602 1973 ita
632 1929 685 1972 ab
722 1929 883 1983 άχνύς,
915 1927 1123 1982 άχνυόεις.
1192 1929 1350 1974 Confer
1378 1931 1429 1976 E.
1465 1932 1526 1976 M.

73 2013 174 2056 165.
213 2014 252 2055 1.
282 2010 419 2064 άχνύς
441 2026 451 2035 ·
485 2012 508 2061 ἦ
541 2009 654 2059 λύπη
676 2025 686 2033 ·
719 2006 797 2052 οἷον

188 2096 261 2141 τῆς
292 2090 326 2133 δ’
358 2089 657 2144 ὀλοφυρομένης
689 2090 805 2144 άμφ’
836 2089 970 2144 dxv&
995 2090 1188 2143 λείβεται
1220 2091 1316 2135 αἰών

70 2171 145 2214 ubi
174 2181 288 2215 recte
327 2171 519 2223 λείβεται
554 2186 631 2230 pro
667 2170 836 2228 vulgata
874 2169 1038 2222 εἴβεται
1066 2173 1305 2216 Meinekius
1336 2175 1421 2219 An.
1452 2175 1524 2219 Ala

70 2268 117 2311 p.
147 2253 249 2296 168.
311 2249 632 2310 Comparandus
660 2250 833 2294 Homeri
868 2265 1007 2294 versus
1040 2251 1126 2297 od.
1150 2253 1213 2298 V.
1250 2256 1351 2299 152.
1384 2256 1524 2298 κατεί-

69 2332 173 2383 βετο
213 2331 255 2374 δὲ
296 2330 457 2382 γλυκὺς
498 2331 608 2374 αἰών.
672 2330 720 2374 In
763 2330 911 2374 eodem
953 2331 1066 2375 libro
1105 2342 1221 2377 sexto
1261 2334 1418 2393 legitur
1464 2336 1527 2377 in-

71 2413 178 2456 certi
225 2420 375 2471 poetae
415 2411 636 2470 inscriptio
683 2409 933 2463 Rhodiaca,
979 2427 1087 2471 quae
1125 2429 1148 2456 a
1192 2413 1406 2473 Meleagro
1449 2416 1529 2458 nisi

71 2491 356 2551 Anthologiae
387 2491 532 2536 addita
563 2499 652 2537 est.
684 2500 800 2536 certe
833 2490 931 2536 addi
970 2494 1140 2552 potuit,
1174 2495 1262 2540 Vl.
1297 2511 1338 2542 c.
1365 2497 1465 2540 171.

190 2574 311 2626 Αὐτῷ
339 2571 398 2615 σοὶ
434 2573 530 2626 πρὸς
554 2574 782 2626 ’Ὄλυμπον
807 2571 1065 2626 ε’μακύναντο
1096 2576 1288 2621 κολοσσὸν

307 2652 419 2697 τόνδε
452 2652 585 2697 Ῥόδου
614 2652 759 2697 ναέται
787 2653 958 2707 Δωρίδος
990 2654 1127 2699 Ἀέλιε
1147 2690 1159 2705 ,

188 2731 398 2787 χάλκεον,
432 2733 558 2777 άνίκα
583 2737 701 2786 κῦμα
729 2732 1060 2784 κατευνάσαντες
1093 2737 1257 2784 Ἐνυοῦς

310 2813 492 2867 ἔστεψαν
523 2813 688 2868 πάτραν
721 2813 946 2866 δυσμενέων
977 2814 1140 2869 ε’νάροις.

190 2897 231 2938 οὐ
259 2896 342 2949 γὰρ
369 2895 466 2948 ὑπὲρ
494 2895 708 2946 πελάγους
736 2894 855 2948 μόνον
887 2894 1125 2946 άνθεσαν,
1160 2897 1278 2941 άλλά
1301 2897 1369 2941 καὶ
1403 2901 1443 2942 ἐν
1466 2906 1527 2956 ’γᾷ
