1794 3412
880 271 1143 311 -134-

538 391 661 443 ἁβρὸν
691 390 917 434 ἀδουλώτου
941 392 1104 445 φέγγος
1133 392 1353 444 ἐλευθερίας
1370 408 1382 417 -

421 474 502 517 τοῖς
528 469 611 522 γάρ
635 470 715 522 ἀφ’
737 474 959 523 Ἡρακλῆος
985 470 1185 521 οὶεξηθεῖσι
1212 472 1408 522 γενέθλας

538 547 704 602 πάτριος
735 549 937 603 ἐνχπόντῳ
968 552 1039 599 κήν
1069 550 1180 603 χθονὶ
1212 552 1404 604 κοιρανία.

301 625 350 668 In
399 627 516 667 cuius
556 642 616 669 vs.
654 630 696 671 3.
742 627 925 680 χάλκεον
975 629 1098 688 vulgo
1142 630 1330 687 iungitur
1383 645 1477 675 cum
1525 631 1727 678 κολοσσόν.

302 704 510 761 Equidem
541 705 792 749 adiectivum
822 706 872 749 ad
909 711 1023 760 κῦμα
1060 708 1217 752 referre
1245 710 1386 753 malim
1408 743 1418 761 ,
1453 710 1604 754 collato
1643 711 1730 754 110-
1790 705 1793 708 ’

302 783 463 841 gesippi
498 798 618 826 versu
660 785 710 829 A.
740 786 786 830 Ρ.
812 786 902 837 Vl,
939 789 1037 830 124.
1080 790 1122 831 3.
1164 788 1304 830 πολλοὶ
1347 788 1542 843 σιδαρείου
1581 806 1728 833 κεκονι-
1792 830 1794 835 ,

300 861 407 912 μένα
437 863 482 906 ἐκ
512 863 727 915 πολέμοιο,
767 874 809 908 et
845 866 1056 924 Antipatri
1082 867 1186 918 Vll,
1221 870 1323 912 232.
1357 870 1401 912 2.
1448 869 1589 912 πολλοὶ
1624 869 1730 926 σιδηῇ

301 942 404 994 ρείης
434 931 551 996 χερσὶ
584 943 749 995 θιγόντα
774 943 935 998 μάχης.
998 946 1069 989 Vs.
1101 950 1145 989 5.
1189 945 1362 989 ἄνθεσαν
1383 947 1626 991 criticorum
1656 948 1727 992 de-

299 1034 416 1063 mum
443 1036 570 1078 opera
606 1031 871 1079 praepostera
909 1024 950 1066 in
986 1032 1142 1067 textum
1177 1033 1392 1083 receptum
1419 1035 1513 1085 θεῖς
1544 1027 1618 1084 qui
1654 1042 1729 1083 pa-

300 1113 394 1141 rum
419 1109 631 1158 reputasse
664 1100 858 1144 videntur
898 1102 1061 1144 nullum
1087 1118 1173 1146 esse
1207 1102 1403 1147 idoneum
1441 1118 1603 1147 sensum
1637 1120 1730 1148 ver-

300 1178 451 1221 borum
488 1179 717 1223 ἀνατιθέναι
755 1181 933 1235 φέγγος.
1000 1181 1139 1225 Codex
1182 1181 1410 1232 κάτθεσαν,
1444 1183 1557 1227 undo
1586 1198 1729 1228 emen-

299 1257 482 1301 dandum
505 1273 595 1302 esse
622 1260 822 1302 coniicio:

417 1338 460 1380 οὐ
481 1337 564 1391 γάρ
591 1338 689 1390 ὑπὲρ
715 1338 924 1389 πελάγους
950 1337 1068 1389 μόνον
1094 1337 1272 1391 (ἔφαντ’,
1305 1341 1423 1383 άλλοὶ
1450 1341 1517 1383 καὶ
1536 1342 1588 1383 ἐν
1607 1347 1670 1396 γᾷ

534 1415 659 1470 ἁβρὸν
684 1416 909 1459 ἀδουλώτου
938 1416 1099 1471 φέγγος
1126 1418 1366 1472 ἐλευθερίας.

299 1494 550 1553 Plerumque
585 1495 755 1553 quidem
794 1495 982 1537 dicitur:
1027 1492 1174 1538 ἅπτειν
1199 1495 1393 1549 φέγγος,
1426 1500 1530 1551 πῦρ,
1573 1499 1727 1549 σέλας,

299 1572 369 1616 sed
386 1573 516 1616 medii
539 1573 672 1615 forma
689 1588 782 1615 usos
802 1588 889 1616 osse
909 1581 1052 1631 poetas
1076 1574 1137 1616 nil
1155 1575 1324 1620 mirum.
1365 1577 1419 1620 Et
1447 1577 1505 1620 ita
1530 1577 1728 1636 Agathins

300 1655 353 1698 A.
381 1653 431 1698 P.
451 1653 510 1696 IX
527 1686 539 1704 ‚
576 1655 673 1696 152.
710 1657 750 1697 5.
812 1652 1021 1706 Ἀτρειδᾶν
1050 1653 1315 1709 ὃροφηφάγον
1341 1655 1567 1708 ἁψαμένων
1595 1661 1688 1711 πῦρ.

358 1732 434 1774 His
467 1731 713 1789 subiungam
742 1732 842 1773 alias
868 1732 1159 1790 inscriptiones
1186 1748 1261 1793 per
1290 1735 1427 1793 capita
1452 1735 1697 1780 distributas
1715 1769 1726 1789 ,

300 1810 449 1854 additis
473 1819 658 1854 veterum
694 1811 945 1869 scriptorum
978 1795 1377 1871 locis—aliarumque
1406 1816 1727 1873 inscriptionum

299 1890 528 1949 exemplis,
574 1890 726 1947 quibus
774 1890 1113 1942 demonstratur,
1158 1892 1262 1936 haec
1304 1895 1488 1937 carmina
1525 1910 1607 1937 non
1643 1910 1728 1939 esse

298 1971 595 2028 epigrammata
633 1968 910 2016 ε’πιδεικτικά,
943 1968 1013 2010 sed
1055 1983 1195 2012 revera
1222 1985 1244 2012 e
1275 1969 1486 2028 lapidibus
1524 1972 1728 2016 donariis-

299 2064 381 2107 que
407 2048 630 2106 descripta.
693 2048 751 2092 Ut
779 2048 892 2090 enim
925 2048 1092 2090 iuvenes
1119 2048 1339 2106 Apollini,
1373 2051 1539 2107 puellae
1568 2052 1727 2096 Dianae

298 2127 377 2171 diis
407 2127 679 2182 κουροτρόφοις
707 2141 844 2169 comas
871 2126 1062 2168 detonsas
1086 2127 1328 2179 sacrabant,
1361 2153 1421 2161 —-
1449 2129 1501 2171 de
1528 2144 1612 2187 quo
1635 2145 1726 2174 mo·

296 2223 344 2251 re
385 2208 500 2250 festis
542 2205 692 2250 diebus
735 2205 909 2248 solemni
950 2205 1201 2250 nobilissimi
1228 2206 1308 2251 loci
1342 2208 1571 2260 afferendi,
1605 2210 1726 2252 Pam-

294 2287 406 2346 phil.
442 2285 597 2330 Athen.
625 2285 716 2335 XI,
749 2286 821 2329 88.
863 2285 897 2326 οἱ
937 2285 1157 2336 μέλλοντες
1199 2286 1423 2340 ἀποκείρειν
1451 2287 1521 2331 τὸν
1549 2287 1725 2332 σκόλλυν

296 2366 446 2420 ἔφηβοι
482 2363 703 2418 εἰςφέρουσι
731 2365 787 2417 τῷ
829 2367 1026 2416 Ἡρακλεῖ
1062 2363 1179 2415 μέγα
1218 2367 1399 2419 ποτήριον
1438 2367 1725 2419 πληρώσαντες

293 2446 394 2489 οἴνου
412 2478 424 2493 ,
467 2443 485 2486 ὃ
517 2446 708 2486 καλοῦσιν
743 2443 980 2496 οἰνιστηρίαν
1012 2443 1079 2485 καὶ
1112 2443 1354 2493 σπείσαντες
1384 2450 1467 2494 τοῖς
1495 2446 1723 2490 συνελθοῦσι

293 2524 443 2567 διδόασι
474 2528 595 2565 πιεῖν.
657 2521 840 2578 Hesyoh.
875 2522 916 2563 in
949 2520 992 2566 vj
1025 2527 1252 2575 κουρεῶτις,
1276 2525 1414 2575 ’μηνὸς
1445 2529 1722 2578 Πυανεψιῶνος

295 2606 430 2657 ἑορτὴ,
473 2605 512 2644 ἐν
540 2601 563 2656 ᾖ
598 2601 674 2649 τας
707 2601 772 2642 ἐπὶ
810 2606 882 2648 τῆς
918 2605 1104 2654 κεφαλῆς
1136 2606 1225 2645 τῶν
1255 2603 1406 2646 παίδων
1444 2605 1720 2657 ἀποκείροντες

294 2685 440 2738 τρίχας
472 2680 676 2734 Ἀρτέμιδι
709 2679 890 2728 θύουσιν,
928 2680 1033 2723 Call.
1069 2681 1161 2723 Del.
1190 2684 1290 2726 296.

470 2759 552 2810 ἦτοι
584 2758 785 2807 Δηλιάδες
818 2759 915 2809 μὲν,
951 2757 1008 2801 ὅτ’
1040 2760 1190 2812 εὐηχης
1223 2760 1406 2810 ὑμέναιος

470 2841 566 2889 ἤθεα
597 2837 766 2892 κουράων
798 2838 1101 2891 μορμύσσεται,
1135 2838 1256 2888 ἥλικα
1288 2839 1438 2891 χαίτην
