1794 3412
901 260 1128 299 -60-

302 381 480 438 praefica
511 389 596 432 est,
623 394 729 436 quae
749 381 806 421 sic
830 389 1039 423 mortuum
1059 378 1318 422 collaudat.'’
1355 378 1501 422 Cicero
1529 379 1580 422 de
1600 380 1725 437 Legg.

302 460 376 510 ΙΙ,
411 463 482 503 24.
514 462 586 502 62.
634 458 980 501 »honoratorum
1027 460 1211 501 virorum
1251 457 1392 500 laudes
1436 460 1729 501 inconcione

303 546 611 587 memorentur,
641 552 805 595 easque
834 538 959 579 etiam
996 545 1140 579 cautus
1166 537 1216 579 ad
1248 536 1466 580 tibicinem
1492 552 1724 596 prosequa-

303 625 371 657 tur
391 648 402 665 ,
436 617 504 657 cui
529 630 681 658 nomen
711 617 888 667 neniae,
920 630 1004 673 quo
1041 615 1244 658 vocabulo
1283 616 1408 658 etiam
1436 615 1604 659 Graecis
1632 630 1730 659 can-

301 703 368 737 tus
398 693 594 751 lugubres
623 695 942 738 nominantur.''
974 695 1023 737 In
1054 709 1138 752 quo
1167 693 1260 736 loco
1283 709 1428 736 omnes
1449 693 1547 736 libri
1579 709 1726 751 »spro-

300 772 560 829 sequatur³⁹
594 772 679 814 sive
708 772 789 814 hoc
812 773 947 831 ipsum
970 773 1056 815 sive
1084 774 1143 815 ita
1167 773 1370 830 scriptum
1407 780 1451 815 ut
1478 773 1520 814 iu
1547 788 1725 830 praepo·
1790 820 1793 822 ,

299 853 449 893 sitione
480 866 562 893 una
593 851 708 892 nulla
750 852 803 892 sit
835 852 1021 894 varietas.
1086 851 1219 894 Iidem
1267 853 1522 909 „easque”
1558 860 1727 894 tuentur

300 930 486 972 unanimi
512 944 741 980 consensu,
775 929 887 987 quod
916 929 1179 987 Schlegelius
1219 929 1272 972 de
1314 931 1553 972 coniectura
1591 939 1729 972 muta-

300 1010 359 1052 vit
386 1010 427 1050 in
462 1025 488 1050 »
505 1011 714 1066 eosque.'’

759 1009 937 1067 Reliqua
969 1010 1081 1052 varie
1110 1011 1152 1051 in
1184 1009 1400 1051 codicibus
1426 1010 1580 1067 scripta
1609 1009 1726 1051 nullo

299 1086 350 1130 ad
377 1102 540 1130 sensum
570 1087 812 1130 discrimine
843 1087 914 1129 sed
944 1087 1090 1130 eodem
1116 1087 1240 1129 modo
1267 1087 1398 1130 haec:
1435 1101 1641 1144 »easque
1669 1111 1730 1119 -—-

300 1172 459 1209 cantus
484 1170 838 1224 prosequatur.”
903 1166 1023 1222 Quod
1065 1181 1148 1209 non
1188 1175 1302 1209 recte
1342 1165 1518 1210 dictum.
1581 1167 1730 1210 Latine

299 1246 411 1293 enim
433 1245 589 1288 dicitur
609 1255 682 1288 aut
713 1262 740 1287 »
758 1235 918 1288 laudes
943 1247 1146 1288 alicuius
1167 1248 1384 1303 persequi
1397 1246 1445 1295 ,⁹⁹
1480 1253 1551 1287 aut
1584 1260 1611 1287 »
1628 1248 1728 1288 lau-

301 1325 433 1367 dibus
456 1327 655 1383 aliquem
682 1327 952 1382 prosequi.”
1016 1325 1250 1368 Pronomen
1295 1332 1432 1367 autem
1472 1323 1730 1368 demonstre-

298 1404 430 1446 tivum
472 1402 523 1445 ad
563 1418 692 1446 unum
731 1402 1038 1446 substantivum
1070 1403 1276 1445 »laudes
1294 1403 1322 1421 ''
1370 1403 1518 1446 referri
1559 1412 1725 1461 potest,

299 1497 382 1541 quo
418 1497 566 1540 parum
594 1490 690 1540 apte
717 1481 888 1524 modum
926 1483 1170 1525 naeniarum
1195 1483 1419 1539 significari
1448 1489 1568 1539 puto.
1617 1482 1729 1538 Quat·

299 1577 345 1605 re
370 1561 565 1618 equidem
596 1563 640 1603 in
673 1560 888 1611 Ciceronis
922 1560 1084 1605 verbis:
1121 1577 1148 1603 »
1166 1576 1331 1619 easque
1355 1562 1480 1605 etiam
1508 1569 1653 1604 cantus
1680 1562 1730 1604 ad

299 1640 516 1683 tibicinem
559 1649 836 1699 prosequatur
854 1641 882 1658 '’
931 1640 1268 1687 emendaverim:
1316 1644 1559 1699 exsequias
1604 1643 1728 1684 etiam

299 1728 445 1762 cantus
488 1719 538 1761 ad
588 1719 804 1762 tibicinem
846 1728 1142 1778 prosequatur.
1214 1721 1273 1764 Ut
1313 1720 1497 1763 Iustinus
1528 1720 1618 1772 XI,
1661 1723 1730 1765 12.

300 1815 329 1841 »
346 1799 395 1841 In
422 1799 575 1840 itinere
602 1799 821 1841 nuntiatur
849 1813 1020 1841 uxorem
1055 1799 1142 1841 eius
1170 1798 1388 1842 decessisse
1421 1800 1593 1858 eiusque
1619 1806 1732 1843 mor·

302 1885 386 1920 tem
420 1876 764 1933 collacrymatum
797 1876 1078 1919 Alexandrum
1109 1879 1406 1935 exsequiasque
1431 1878 1609 1935 benigne
1633 1893 1734 1937 pro-

301 1963 491 1999 secutum
530 1958 667 1998 esse.''
731 1955 810 1998 Hic
850 1955 1072 1998 tibicinum
1117 1955 1264 1998 modus
1295 1956 1431 1999 dictus
1474 1955 1616 2016 ἔλεγος
1649 1958 1734 2014 Ly·

301 2035 396 2078 diae
428 2034 671 2077 harmoniae
710 2035 815 2076 acris
849 2042 891 2076 et
919 2034 1072 2077 flebilis
1113 2034 1165 2075 ab
1195 2033 1391 2092 Olympo
1414 2043 1585 2077 auctore
1625 2036 1733 2078 inter

303 2114 482 2156 Graecos
521 2114 822 2172 repetebatur,
865 2112 906 2155 id
947 2112 1061 2170 quod
1099 2112 1235 2154 efficio
1279 2127 1326 2154 ex
1369 2112 1523 2155 Suidae
1567 2113 1732 2157 verbis:

296 2195 519 2245 ’Ὄλυμπος
549 2193 724 2240 Μαίονος
761 2192 932 2240 Μυσός,
977 2193 1159 2241 αὐλητὴς
1190 2191 1258 2234 καὶ
1297 2194 1462 2241 ποιητὴς
1502 2193 1734 2243 ἐλεγείων

303 2273 383 2315 καὶ
416 2276 600 2324 μελῶν,
647 2272 810 2322 ἡγεμών
846 2287 892 2313 τε
925 2270 1139 2321 γενόμενος
1171 2277 1244 2320 τῆς
1283 2277 1552 2323 κρουματικῆς
1582 2272 1734 2323 μούσης

302 2358 374 2402 τῆς
401 2352 469 2395 δια
498 2351 575 2394 ’τῶν
600 2353 755 2399 αὐλῶν,
792 2350 946 2392 collato
970 2350 1185 2392 Plutarchi
1219 2350 1310 2392 loco
1336 2350 1388 2392 de
1411 2351 1562 2394 Music.
1597 2366 1636 2395 c.
1664 2354 1735 2395 15.

301 2430 507 2485 τοιγάρτοι
541 2429 717 2473 Πλάτων
747 2430 818 2478 τὴν
850 2429 994 2472 Λύδιον
1036 2430 1227 2483 ἁρμονίαν
1267 2435 1555 2482 παραιτεῖται,
1599 2429 1735 2478 ἐπειδὴ

301 2510 415 2561 ὀξεῖα
441 2510 509 2552 καὶ
543 2509 762 2559 ἐπιτήδειος
793 2509 887 2562 πρὸς
915 2510 1044 2562 θρῆνον
1061 2543 1073 2558 ,
1107 2508 1132 2564 ᾖ
1157 2509 1224 2551 καὶ
1253 2511 1325 2558 τὴν
1356 2510 1512 2565 πρώτην
1538 2508 1736 2551 σύστασιν

303 2591 431 2638 αὐτῆς
461 2593 567 2643 φασι
599 2587 764 2641 θρηνώδη
795 2588 888 2630 τινα
919 2588 1120 2638 γενέσθαι.
1177 2589 1400 2639 ’Ὄλυμπον
1426 2588 1508 2641 γὰρ
1549 2591 1733 2640 πρῶτον

304 2667 574 2722 Ἀριστόξενος
601 2667 641 2709 ἕν
668 2669 723 2720 τῷ
750 2668 889 2720 πρώτῳ
917 2649 1004 2720 mia}
1036 2672 1227 2718 μουσικῆς
1255 2666 1321 2708 ἐπὶ
1347 2668 1401 2719 τῷ
1427 2666 1583 2709 Πύθωνί
1606 2669 1731 2720 φησιν

306 2748 584 2797 ἐπικήδειον
618 2748 835 2795 αὐλῆσαι
872 2747 1055 2790 Λυδιστί.
1119 2747 1238 2789 Licet
1271 2747 1381 2788 enim
1419 2744 1648 2804 Terpandri
1693 2754 1733 2786 et

308 2825 477 2884 Olympi
506 2827 717 2878 ποιήματα
735 2825 843 2869 idem
872 2835 1072 2869 memoret
1089 2823 1333 2868 Plutarchus
1358 2823 1408 2867 de
1425 2824 1574 2868 Music.
1604 2838 1641 2868 c.
1664 2827 1730 2867 18.
