1794 3412
602 265 873 306 -103—

19 397 68 445 In
107 397 170 440 his
212 392 445 456 apographi
487 392 591 435 vitia
642 397 756 434 recte
798 387 981 432 correxit
1030 383 1265 428 Meinekius
1315 382 1470 427 Diurn.

21 479 122 525 Ant.
151 480 280 522 1844.
315 491 360 535 p.
391 474 523 519 1038.
566 473 640 531 qui
671 470 943 514 scribendum
981 467 1148 511 monuit
1178 467 1220 508 in
1252 479 1292 508 c.
1319 467 1393 510 38.
1429 469 1471 509 5.

18 558 223 614 γηράλέην
254 558 295 601 δὲ
323 555 452 608 κόμην
476 555 621 604 πολιὴν
651 553 854 596 τίλλουσά
891 550 981 594 καθ’
1020 547 1145 603 ὥρην,
1181 557 1224 590 et
1264 562 1303 591 c.
1335 550 1391 591 39
1433 550 1475 590 4.

19 640 157 688 πένθος
193 637 365 692 ἀνιηρόν.
433 637 611 679 Versum
646 634 819 678 tertium
863 631 1020 691 prioris
1068 629 1357 688 inscriptionis
1402 629 1478 686 qui

20 720 147 765 metri
189 717 354 776 legibus
399 731 483 759 non
527 715 754 773 congruit,
795 713 906 756 idem
949 710 1135 754 restituit
1177 710 1262 754 ita:
1312 708 1478 763 μύροντ’

19 800 198 855 ἀδελφοί
229 799 295 842 vel
337 798 527 852 ὦδελφοί.
594 795 699 839 Mihi
742 795 879 837 lenius
920 792 1088 835 videtur
1124 791 1252 834 verba
1285 799 1477 849 transpo-

23 897 149 926 nere.-

141 960 334 1014 μύροντάι
362 960 510 1006 Μηνάς
542 956 610 998 καὶ
644 953 838 1007 Δάψιλος
865 952 998 1008 ἄμφω
1029 953 1221 1007 ἀδελφοί.

22 1040 90 1086 Ad
119 1039 299 1084 eundem
331 1038 504 1082 modum
547 1037 588 1079 in
618 1050 751 1078 unum
779 1034 920 1077 locum
947 1032 1242 1091 coniungenda
1285 1032 1479 1075 existimo

21 1122 322 1182 epigrammata
361 1117 574 1162 Leonidae
607 1116 828 1160 Tarentini
862 1115 914 1159 A.
944 1115 992 1158 Ρ.
1023 1111 1131 1166 VII,
1165 1116 1268 1158 266.

141 1203 342 1252 Νοουηγοῦ
366 1198 504 1253 τάφος
530 1196 617 1250 εἰμὶ
649 1196 843 1244 Διοκλέος
861 1210 871 1220 ·
905 1197 938 1238 οἱ
970 1196 1005 1238 δ’
1036 1194 1298 1246 ἀνάγονται,

259 1282 342 1335 Φεῢ
374 1278 534 1330 τόλμης
553 1311 566 1327 ,
598 1278 675 1320 ἀπ’
707 1278 806 1328 ἐμοῦ
839 1277 1060 1328 πείσματα
1092 1275 1342 1328 λυσάμενοι,

23 1371 66 1407 et
95 1355 145 1408 c.
164 1363 270 1406 264.

140 1441 217 1490 Εἵη
246 1439 474 1493 ποντοπόρῳ
506 1437 631 1489 πλόος
660 1435 808 1491 οὔριος·
843 1438 897 1487 ἢν
928 1437 963 1479 δ’
995 1435 1059 1490 ἄρ’
1087 1437 1218 1487 ἀήτης

262 1523 314 1569 ὥς
341 1522 415 1572 ε’μὲ
442 1525 526 1568 τοῖς
554 1519 699 1562 Ἀΐδεω
725 1516 990 1573 προςπελάση
1021 1517 1211 1569 λιμέσιν,

146 1601 374 1657 μεμφέσθω
399 1603 458 1653 μη
483 1605 653 1651 λαῖτμα
679 1597 918 1648 κοικόξενον,
952 1599 1052 1641 ἀλλ’
1080 1597 1119 1641 ἕο
1142 1598 1332 1651 τόλμαν,

266 1680 372 1731 &zm
403 1682 484 1736 ἀφ’
516 1679 711 1734 ἡμετέρου
743 1679 945 1731 πείσματ’
972 1677 1094 1722 ἔλυσε
1124 1677 1279 1733 τάφου.

27 1744 116 1810 UBi
143 1763 416 1807 scribendum
443 1776 530 1805 esse
559 1769 708 1821 patet:
741 1758 781 1803 ὃν
809 1761 843 1803 δ’
865 1758 929 1813 ἀρ’
956 1761 1087 1811 ἀήτης
1115 1761 1202 1803 κτέ.
1268 1760 1318 1803 In
1348 1758 1488 1804 Theo-

27 1832 202 1889 doridae
233 1842 418 1886 disticho
449 1842 562 1885 haud
595 1841 814 1885 dissimilis
838 1842 1076 1900 argumenti
1107 1842 1188 1886 VII
1208 1874 1219 1893 ,
1254 1842 1360 1886 282.

146 1927 348 1977 Νάυηγοῦ
374 1922 511 1978 τάφος
539 1923 648 1975 εἰμι’·
681 1922 731 1966 σὺ
760 1922 801 1965 δὲ
828 1922 933 1966 πλέε
950 1937 959 1947 ·
993 1922 1062 1965 καὶ
1094 1922 1179 1976 ’γὰρ
1206 1919 1261 1965 ἔθ’
1289 1924 1409 1974 ἡμεῖς

268 2004 481 2057 (ὀλόμεθ’
512 2004 557 2047 αἱ
581 2003 722 2047 λοιπαὶ
755 2009 845 2053 νῆες
872 2002 1184 2057 ἐποντοπόρουν,

30 2086 324 2146 corrigendum
368 2093 460 2129 est:
506 2084 710 2136 ὧλλύμεθ’
752 2085 797 2127 ai
839 2085 926 2127 κτὲ.
971 2092 1148 2143 propter
1188 2083 1487 2144 imperfectum

32 2167 331 2221 ἐποντοπόρουν.
395 2165 597 2209 Eiusdem
635 2165 847 2208 Leonidae
888 2166 1109 2208 Tarentini
1149 2165 1234 2208 duo
1277 2166 1490 2224 epigram-

33 2257 147 2292 mata
171 2247 356 2306 elegiaca
384 2248 426 2290 in
454 2246 760 2289 Aristocratem
785 2253 1001 2288 mortuum
1035 2246 1189 2305 scripta
1217 2246 1331 2290 haud
1359 2246 1491 2290 dubie

34 2328 173 2373 eidem
199 2329 327 2386 cippo
358 2326 486 2369 incisa
518 2326 722 2376 fuerunt,
757 2327 812 2372 A.
844 2327 892 2370 Ρ.
916 2326 999 2370 VII
1020 2360 1031 2378 ,
1068 2328 1154 2370 440
1185 2337 1228 2370 ct
1259 2330 1364 2371 648.
1426 2328 1491 2371 Ita

36 2411 294 2469 epigramma
321 2406 578 2470 Dioscoridis
599 2406 641 2448 in
673 2406 911 2463 Lycambae
938 2406 1049 2449 filias
1068 2407 1150 2450 VII
1167 2439 1178 2457 ,
1197 2411 1300 2451 351.
1335 2408 1493 2467 excipit

37 2490 220 2534 alterum
248 2491 289 2532 in
311 2488 476 2532 easdem
505 2487 668 2546 puellas
686 2520 697 2538 ‚
731 2502 829 2530 cum
854 2487 1082 2532 lemmate:
1115 2487 1364 2538 ἀδέσποτον,
1398 2490 1433 2532 οἱ
1450 2488 1491 2532 δὲ

37 2571 302 2625 Μελεάγρου.
349 2569 470 2627 Quod
504 2569 703 2627 equidem
738 2568 924 2612 eiusdem
958 2570 1218 2612 Dioscoridis
1249 2585 1336 2613 esse
1368 2578 1493 2629 put0.

37 2652 199 2697 Pariter
226 2659 322 2711 post
348 2652 607 2709 epigramma
628 2649 883 2692 Dioscoridis
913 2651 954 2693 in
988 2650 1236 2709 Othryaden
1255 2651 1338 2694 VII
1359 2685 1369 2702 ‚
1393 2654 1496 2697 430.

41 2733 193 2792 legitur
237 2733 417 2776 alterum
459 2733 500 2774 in
544 2732 623 2774 viri
665 2731 884 2774 fortissimi
926 2740 1146 2791 tropaeum
1180 2733 1492 2785 instauratum,

45 2820 91 2855 ut
118 2812 311 2864 videtur,
346 2826 513 2854 carmen
550 2827 590 2855 c.
622 2814 701 2854 431
752 2812 1028 2871 inscriptum:
1074 2811 1254 2862 ἄδηλον,
1289 2814 1322 2855 οἱ
1348 2813 1388 2856 δὲ
1423 2821 1492 2858 Σι-

45 2893 223 2944 μωνίδου.
300 2893 392 2936 Hoc
442 2907 612 2951 quoque
652 2892 790 2935 eidem
838 2902 986 2951 poetae
1041 2892 1315 2937 tribuendum
1361 2904 1494 2953 puto,
