1794 3412
662 201 899 240 ...Η-

55 328 246 372 defuncti
278 326 468 386 premit,
503 341 586 369 non
624 323 746 368 video
776 338 908 382 quare
943 331 1054 366 terra
1085 321 1270 381 roganda
1304 322 1358 364 sit
1389 330 1434 365 ut
1461 337 1514 365 ne

55 410 146 453 viro
186 408 288 452 levis
342 422 430 451 esse
473 406 592 450 velit.
664 405 834 450 Idcirco
883 402 1183 465 corrigendum
1230 411 1336 463 puto
1387 418 1446 447 vs.
1491 405 1510 445 1

53 489 174 542 θλῖβε
217 498 260 533 et
303 503 363 534 vs.
393 491 422 532 7
465 489 575 542 χθών
620 490 660 531 τ’
701 484 730 530 ὦ
767 485 1068 541 δυςνύμφευτε.
1152 484 1324 528 Dictum
1372 493 1513 528 nutem

53 569 218 623 τύμβος
267 569 367 624 ὑπὲρ
405 573 597 624 κεφαλῆς
643 576 691 612 ut
732 567 860 611 ὀστέα
901 567 981 611 ὑπὸ
1020 565 1167 621 χθόνα.
1244 566 1319 612 Vs.
1357 568 1384 610 4
1436 580 1516 626 pro

53 650 235 701 οἷοπέδην
259 651 503 710 scripserim
526 649 773 705 ι’χνοπέδην,
808 647 1070 708 compedes,
1102 646 1356 707 quibuscum
1385 647 1519 692 Euni-

55 730 170 775 cides
208 738 426 775 contemtu
457 738 501 774 et
532 729 791 787 negligentia
829 728 1168 772 libitinariorum
1199 726 1390 786 sepultus
1430 742 1519 772 esse

7 855 9 868 ἶ
55 826 76 854 a
116 819 242 870 poeta
281 810 476 869 fingitur.
538 808 658 852 Idem
699 823 852 852 nomen
896 807 950 851 de
991 807 1189 866 laqueis,
1235 807 1393 867 quibus
1433 810 1519 852 vivi

56 892 170 951 capti
197 891 339 934 leones
359 923 372 943 ,
406 889 563 947 legitur
598 890 651 933 Δ.
683 889 731 933 P.
759 888 870 938 VII,
905 889 1012 933 626.
1047 891 1090 932 5.
1125 902 1267 947 neque
1296 887 1519 932 dissimilia

53 970 291 1024 λαιμοπέδω
330 968 514 1025 γεράνων
546 968 641 1021 VI,
694 971 763 1014 16.
807 972 850 1013 4.
901 970 1003 1013 109.
1039 971 1083 1012 8.
1132 967 1329 1020 wamia„
1372 967 1517 1013 Nonn.

55 1052 184 1104 XIII,
208 1053 310 1097 488.
345 1050 559 1103 XXXVI,
587 1052 692 1096 365.
727 1058 770 1094 et
785 1049 1006 1105 ἆρθροπέδη
1024 1048 1078 1093 de
1094 1048 1400 1109 compedibus,
1420 1052 1519 1110 qui-

55 1133 133 1177 bus
161 1131 438 1192 agricultores
465 1132 628 1184 vincti,
662 1130 777 1191 apud
820 1131 1026 1175 Phaniam
1052 1132 1107 1176 A.
1135 1130 1184 1176 P.
1210 1131 1270 1176 VI
1290 1166 1301 1184 ,
1333 1135 1438 1178 297.
1474 1136 1518 1180 3.

168 1215 376 1267 ’Ἄλκιμος
401 1213 595 1268 ἆγρίφαν
625 1213 878 1257 κενοὸοντίδαι
903 1212 974 1256 καὶ
1002 1212 1257 1268 φιλοδούπου

290 1293 450 1351 φάρσος
481 1293 600 1348 ἄμας
613 1328 626 1345 ,
660 1297 834 1339 στελεοῦ
859 1300 987 1350 χῆρον
1017 1293 1202 1338 ε’λαῒνέου

173 1375 419 1431 &poma-&av
450 1374 609 1430 στῆμόν
638 1392 687 1420 τε
714 1376 802 1419 κτὲ.

57 1454 144 1502 Ubi
188 1470 250 1500 vs.
288 1458 308 1499 1
354 1455 522 1501 dudum
553 1463 618 1502 est
656 1471 707 1501 ex
749 1471 836 1516 quo
882 1456 1032 1500 monui
1073 1456 1199 1500 unice
1238 1470 1383 1501 verum
1429 1472 1520 1502 esse

55 1534 274 1591 ἆγρίφαν,
303 1534 362 1582 cl.
382 1535 545 1582 Arcad.
574 1551 620 1595 p.
643 1538 744 1581 115.
765 1538 838 1581 12.
856 1535 1117 1595 Theognost.
1143 1536 1252 1582 Gan.
1285 1552 1331 1596 p.
1351 1539 1452 1583 118.
1472 1539 1519 1584 8.

59 1616 143 1660 An.
176 1614 258 1661 01.
282 1615 344 1660 11.
378 1631 425 1676 p.
450 1619 555 1662 302.
582 1619 627 1661 9.
676 1615 740 1660 De
772 1629 894 1661 versu
922 1616 1053 1660 tertio
1075 1615 1321 1661 Lobeckius
1344 1617 1517 1664 Pathol.

54 1709 100 1756 p.
126 1697 244 1741 296:
299 1711 327 1739 »
346 1696 430 1742 Pro
455 1696 704 1752 ὥρθροπέδσιν
729 1702 890 1750 orimur
919 1695 1027 1755 quid
1055 1694 1238 1739 Phanias
1270 1698 1488 1758 scripserit
1506 1732 1519 1752 ,

55 1791 202 1822 vereor
229 1785 278 1821 ut
297 1777 582 1823 demonstrari
606 1778 769 1838 possit3
806 1776 861 1820 ad
885 1777 1175 1821 coniecturam
1203 1777 1317 1822 nihil
1340 1780 1519 1840 propius

55 1865 119 1903 est
145 1873 275 1917 quam
305 1857 534 1913 ἁρπεδόναν
558 1857 823 1913 στρεπτοὶν.”
889 1858 946 1902 At
978 1857 1164 1903 Phanias
1197 1859 1337 1919 ipsum
1379 1860 1520 1915 illud..

54 1937 170 1998 quod
212 1939 258 1982 in
297 1937 444 1983 codice
481 1938 669 1999 legitur,
712 1938 916 1998 scripsit,
961 1939 1080 1999 quod
1118 1939 1173 1983 nb
1209 1939 1521 2001 interpretibus

54 2035 140 2064 non
174 2019 444 2065 intellectum
474 2020 637 2080 explica
677 2035 728 2064 ex
755 2019 901 2064 Photii
932 2019 1070 2080 glossa
1110 2020 1154 2064 in
1195 2021 1380 2067 Lexico:
1415 2029 1518 2075 στῆ-

53 2115 155 2153 μον,
187 2098 259 2152 ὀξὺ
286 2101 310 2153 ἢ
341 2100 482 2156 τραχύ
501 2135 514 2151 ,
550 2100 664 2162 qnod
693 2102 961 2161 aptissimum
988 2100 1247 2162 compedum
1275 2103 1519 2164 epitheton.

56 2179 124 2227 Ad
148 2196 236 2225 rem
265 2181 417 2225 confer
443 2181 622 2226 Florum
647 2182 715 2226 111
732 2215 744 2234 ‚
782 2185 852 2227 19.
887 2186 932 2227 3.
998 2199 1026 2225 »
1046 2183 1128 2227 Hic
1154 2183 1209 2227 ad
1235 2184 1400 2230 cultum
1429 2188 1519 2246 egri

56 2261 305 2321 frequentin.
340 2260 551 2320 ergastula
593 2262 865 2321 catenatique
905 2261 1092 2306 cultores
1135 2266 1356 2309 materiam
1404 2267 1520 2311 bello

57 2342 333 2403 praebuere‘'
366 2352 409 2386 et
437 2343 679 2387 notissimos
696 2342 841 2388 ovidii
869 2359 1012 2388 versus
1030 2378 1041 2397 ,
1074 2345 1213 2405 Epist.
1239 2361 1289 2390 ex
1312 2346 1519 2401 PontoI,

58 2427 112 2477 6,
147 2427 220 2469 31.

116 2504 231 2550 Haec
261 2504 374 2549 facit*
395 2512 443 2548 ut
477 2505 591 2548 vivat
627 2504 794 2548 vinctus
820 2519 993 2565 quoque
1021 2506 1229 2566 compede
1263 2507 1399 2552 fossor
1417 2542 1428 2560 ‚

222 2584 444 2645 liberaque
470 2601 493 2628 a
523 2585 636 2629 ferro
668 2600 792 2630 crura
821 2586 966 2630 futura
995 2596 1134 2646 putet.

117 2666 191 2710 His
220 2667 363 2711 nescio
389 2682 442 2710 an
470 2665 715 2711 addendum
744 2667 796 2711 sit
827 2668 956 2711 etiam
981 2667 1275 2713 Theudoridae
1307 2670 1520 2729 epigram·-

59 2761 154 2799 ωε,
188 2748 303 2808 quod
339 2747 473 2793 videri
504 2750 637 2810 possit
673 2749 869 2808 sepulcro
903 2750 1157 2810 inscriptum
1192 2750 1351 2803 fuisse,
1389 2751 1442 2796 A.
1471 2751 1518 2797 P.

62 2827 165 2873 XIII
187 2863 198 2883 ‚
233 2832 306 2876 21.
