1794 3412
648 268 918 309 -239—

59 403 220 453 oturam
253 393 482 451 expromsit
522 391 791 437 Simonidem
832 392 1075 450 scripsisse:
1111 388 1219 435 αἶνον
1250 388 1371 444 ἔχεις,
1395 389 1518 444 χαρί-

0 466 2 514 ἶ
56 490 162 523 των,
204 469 291 516 αἷσι
321 471 506 528 πάτραν.
526 475 767 528 στεφανοῖς.
833 470 1049 532 Ξοᾶ».ι1ιιίἆ
1081 470 1325 530 significent
1357 470 1516 514 verba:

0 565 2 588 ῑ
54 551 164 599 αἶνον
205 552 321 607 ἔχεις
362 553 545 607 χαρίτων
587 569 713 598 nemo
751 552 883 597 facile
926 553 1095 598 dixerit.
1170 550 1524 597 Schneidewinus

57 633 160 681 haec
189 635 495 693 interpretatus
527 643 619 679 est:
653 634 837 678 laudaris
866 642 1042 694 propter
1068 633 1190 677 dona.
1217 633 1298 678 deo
1326 631 1488 677 tributa
1510 664 1521 683 ,

55 723 102 761 ut
132 715 386 759 ἐπαινεῖσθαι
434 716 621 774 genitivo
666 715 855 774 iungitur
877 749 888 768 ,
931 732 970 761 v.
1003 715 1194 761 Meinek.
1230 714 1357 760 Anal.
1398 713 1521 758 Alex.

53 810 101 855 p.
127 798 232 842 211.
297 795 381 840 Sed
409 796 569 840 donum
601 795 681 840 deo
706 796 919 840 tributum
945 795 1104 840 dicitur
1124 793 1277 850 χάρις,
1296 809 1398 838 non
1437 792 1524 848 χοὶ-

51 890 189 930 ριτες,
226 890 268 921 v.
298 876 543 935 Asclepiad.
575 876 662 928 VI,
697 877 801 921 308.
835 879 879 921 3.
914 884 957 919 et
986 890 1035 918 ex
1069 874 1524 922 Schneidewinioon-

54 955 216 1001 iectura
238 955 302 1007 V,
339 957 442 1001 202.
467 959 510 999 5.
547 954 662 999 unde'
681 954 927 1009 χαρίζεσθαι
959 955 1072 1013 App.
1096 955 1182 1012 Ep.
1203 957 1308 1000 242.
1338 957 1381 998 2.
1417 956 1522 999 325.

54 1039 98 1083 3.
158 1034 244 1080 Sed
289 1035 333 1079 in
366 1035 431 1079 his
476 1035 604 1079 etiam
636 1051 701 1079 res
742 1035 852 1079 laeta
896 1042 1160 1079 memoratur
1190 1034 1246 1077 ob
1275 1049 1407 1093 quam
1440 1033 1522 1078 deo

54 1116 280 1176 gratificati
328 1125 427 1160 sunt
470 1117 727 1169 donatores,
778 1115 894 1176 quod
940 1115 1014 1160 hic
1058 1130 1232 1175 quoque
1275 1114 1520 1160 faciendum

10 1258 13 1262 4
53 1197 181 1241 fuisse
207 1206 314 1256 puto
331 1229 342 1248 ,
376 1198 411 1241 si
441 1212 537 1241 vera
562 1207 672 1242 esset
699 1196 1017 1242 Schneidewini
1042 1197 1357 1256 interpretatio.
1408 1196 1523 1253 Qua-

53 1285 230 1337 propter
250 1277 462 1336 genitivus
488 1277 673 1332 χαρίτων
703 1268 990 1336 seiungendus
1018 1293 1039 1320 a
1068 1277 1206 1321 verbis
1235 1274 1346 1321 αἶνον
1376 1275 1518 1331 ἔχεις,

54 1356 219 1403 collatis
253 1357 370 1417 App.
405 1358 486 1417 Ep.
520 1372 559 1403 c.
587 1359 690 1402 210.
725 1361 770 1404 8.
809 1356 902 1413 ὄφρ’
939 1357 992 1401 ἂν
1019 1359 1060 1407 ἐς
1094 1359 1168 1402 αἰῶ
1206 1357 1451 1412 Σώστρατος
1477 1358 1520 1400 ἐν

49 1436 257 1493 φθιμένοις
283 1438 422 1493 μυρίον
459 1437 569 1486 αἶνον
601 1437 681 1495 ἔχη
702 1473 714 1492 ,
749 1449 792 1483 et
823 1438 1007 1497 Thepcr.
1043 1439 1097 1485 A.
1129 1440 1178 1486 Ρ.
1207 1439 1269 1483 VI
1290 1473 1302 1491 ‚
1336 1440 1442 1485 388.
1474 1441 1521 1485 3.

20 1520 28 1525 ’
49 1517 180 1574 σοφίᾳ
202 1517 238 1561 δ’
260 1518 328 1562 ἐπὶ
351 1516 587 1575 τᾷδεαῖνον
612 1517 746 1573 ἔχων,
782 1527 825 1562 et
847 1518 1114 1564 Simonidem
1140 1519 1354 1578 scripsisse
1381 1527 1516 1578 puto:

169 1595 279 1642 αἶνον
309 1597 424 1652 ἔχεις
442 1632 455 1649 ,
487 1599 673 1654 χαρίτων
703 1597 981 1652 μεστοτοὶτοις
1008 1596 1247 1659 στεφάνοις.

54 1679 269 1724 Similiter
299 1679 494 1738 Lynceus
523 1679 634 1739 apud
670 1678 830 1725 Athen.
857 1679 916 1723 Vl
938 1713 949 1732 ,
985 1682 1071 1724 242
1107 1679 1157 1725 C.
1202 1677 1227 1722 δ’
1252 1695 1293 1723 τι
1319 1679 1521 1731 λαλήσειε

49 1760 119 1804 καὶ
150 1759 396 1813 διηγήσαιτο
427 1763 515 1804 πᾶν
549 1760 850 1816 ἐπαφροδισίας
888 1760 958 1804 καὶ
989 1760 1163 1815 χάριτος
1191 1759 1238 1812 ἦν
1259 1759 1442 1813 μέστον,
1477 1767 1522 1804 et

54 1840 223 1886 Aelian.
256 1841 309 1887 V.
342 1841 400 1887 Η.
428 1841 564 1894 XIII,
604 1844 642 1887 1.
683 1841 830 1896 χωρίον
853 1842 1036 1896 χαρίτων
1066 1840 1320 1894 οὶνοὶμεστον.
1386 1840 1522 1885 Coro·

53 1935 126 1965 nas
156 1928 300 1965 autem
331 1936 494 1965 summa
521 1929 611 1964 arte
640 1930 683 1965 et
715 1930 936 1965 venustate
965 1922 1181 1966 confectas
1212 1921 1407 1982 Apollini
1445 1920 1524 1965 de-

53 1999 118 2045 dit
143 2000 258 2044 dono
298 2001 451 2045 artifex
485 1998 596 2059 Cyto
617 2034 629 2052 ‚
666 2009 712 2044 ut
744 2015 916 2045 auream
944 2016 1146 2045 eoronam
1190 2003 1293 2045 item
1326 1986 1522 2059 Apollini

57 2080 209 2125 tribuit
250 2081 546 2133 Flamininus,
581 2081 697 2126 Plut.
730 2080 915 2126 Flamin.
951 2097 988 2125 c.
1025 2085 1096 2127 12.
1163 2083 1234 2127 Vs.
1270 2085 1288 2125 1
1336 2081 1520 2129 Schnei-

55 2159 244 2205 dewinus
272 2169 390 2210 recte
417 2175 516 2204 oum
540 2159 773 2205 Salmasio:
807 2165 893 2210 τοῖς
923 2161 1090 2216 δώροισι.

115 2240 293 2285 Alcaeus
331 2255 368 2283 o.
399 2241 504 2286 218.

171 2319 417 2375 Κειροὲμενος
454 2321 627 2373 γονίμην
654 2337 717 2370 τις
748 2322 834 2365 ἀπὸ
864 2322 1016 2376 φλέβα
1043 2323 1209 2377 Μητρὸς
1241 2323 1427 2380 ἀγύρτης

294 2399 416 2451 ὕλης
447 2400 650 2455 εὐδένδρου
681 2404 841 2455 πρῶνας
873 2401 1167 2455 ἕβουνοβοὶτει·

172 2484 229 2537 τῷ
259 2481 302 2527 δὲ
333 2481 436 2526 λέων
461 2482 612 2534 ἤντησε
642 2482 837 2537 πελώριος
867 2484 920 2532 ὥς
951 2483 1019 2530 ἐπὶ
1053 2483 1180 2534 θοίνην

291 2561 454 2617 χάσμα
479 2561 618 2618 φέρων
648 2562 845 2617 χαλεπὸν
875 2563 1094 2609 πειναλέον
1124 2562 1316 2620 φάρυγος
1334 2578 1343 2589 ·

173 2643 345 2693 δείσας
377 2642 412 2686 δ’
439 2642 636 2695 ὠμηστέω
669 2643 781 2697 θηρὸς
809 2641 955 2697 μόρον,
987 2645 1046 2694 ὡς
1078 2642 1299 2696 αὔδαξαι

292 2723 513 2777 τύμπανον
540 2722 588 2775 ἐξ
617 2724 730 2778 ἱεροῖς
763 2722 1102 2779 ἐπλατα-γησε
1135 2723 1319 2775 νάπης·

172 2805 237 2858 χώ
268 2805 345 2857 μὲν
375 2804 603 2850 ἐνέκλεισεν
627 2805 775 2860 φονίαν
802 2804 949 2857 γένυν,
982 2806 1030 2851 ἐκ
1054 2805 1096 2850 δὲ
1122 2804 1317 2850 τενόντων

294 2884 423 2935 ἔνθους
451 2885 661 2940 ῥομβητην
687 2883 997 2940 ε’στροφοὶλιγξε
1026 2885 1188 2941 φόβην·
