1794 3412
659 247 897 288 -37—

171 374 211 415 ἐν
238 372 272 414 δ’
299 370 381 425 ἄρα
410 369 672 422 Δαμάγητον
691 403 702 419 ,
738 369 794 413 ἴον
820 369 956 422 μέλαν
975 403 987 419 ,
1024 370 1095 421 ἡδύ
1123 386 1170 413 τε
1197 370 1348 424 μύρτον

292 450 603 504 Καλλιμάχου,
637 454 851 506 στυφελοῦ
877 451 1032 504 μεστὸν
1057 452 1122 494 ἀεὶ
1147 450 1331 504 μέλιτος.

56 533 138 580 Ubi
189 532 329 576 verbis
372 534 585 586 στυφελοῦ
641 530 811 584 μέλιτος
857 532 1061 576 Martinus
1114 533 1297 592 spectari
1347 530 1514 591 putavit

51 613 218 658 Ibidem
244 611 497 658 Callimachi
518 644 530 664 ,
563 627 691 671 quam
721 612 975 656 sententiam
1008 613 1066 657 ita
1097 627 1237 658 veram
1263 611 1416 656 habuit
1444 611 1514 656 Ia-

51 693 220 738 cobsius
251 702 298 738 ut
340 692 547 751 Meleager
577 707 663 738 non
705 691 756 736 ad
795 691 961 737 Ibidem
992 707 1156 746 unum,
1190 707 1340 737 verum
1381 693 1513 737 etiam

51 775 104 819 ad
131 774 292 819 iambos
325 782 367 818 et
399 773 663 819 choliambos
703 773 965 833 respexerit,
1008 782 1052 818 et
1083 773 1359 817 inimicorum
1399 774 1514 817 iniu-

51 856 137 900 rias
153 855 267 900 ultus
284 889 295 908 ,
314 854 440 900 melle
473 854 644 914 quidem
661 886 673 905 ,
706 853 779 897 sed
807 853 963 897 acerbo
979 862 1023 897 et
1047 854 1195 898 odioso
1221 870 1320 898 usus
1341 870 1430 900 esse
1446 854 1515 899 di-

51 945 171 979 catur
200 934 505 979 Callimachus.
567 932 652 978 Sed
681 942 726 978 ut
754 941 921 992 myrtus
947 934 1076 977 arbor
1098 943 1163 979 est
1188 935 1345 980 Veneri
1371 951 1485 984 sacra
1501 969 1513 987 ,

50 1017 109 1060 ita
145 1015 269 1059 verba
301 1014 511 1070 στυφελὸν
539 1013 639 1067 μέλι
674 1014 798 1059 unico
825 1013 877 1059 ad
906 1029 1094 1059 amorem
1124 1015 1279 1059 referri
1317 1027 1511 1075 possunt.

49 1099 362 1158 Epigrammata
401 1097 532 1156 igitur
570 1095 826 1142 Callimachi
869 1111 949 1155 pro
984 1097 1146 1141 maiore
1182 1105 1305 1156 parte
1340 1097 1516 1142 fuerunt

48 1180 242 1223 amatorii
276 1179 535 1238 argumenti.
570 1179 771 1222 Amorem
788 1177 928 1232 πικρὸν
957 1177 1057 1231 μέλι
1085 1177 1192 1222 dixit
1225 1178 1336 1223 idem
1354 1178 1516 1223 Melea-

49 1275 123 1320 ger
152 1261 207 1306 A.
236 1260 284 1307 Ρ.
310 1260 395 1306 ΧΠ
416 1293 428 1311 ,
462 1261 536 1304 82.
574 1261 615 1305 1.
647 1267 691 1303 et
727 1264 933 1313 γλυκερῆς
959 1257 1093 1313 ἄχθος
1118 1259 1257 1310 ὀδύνης
1290 1275 1314 1304 ο
1356 1263 1431 1305 99.
1467 1262 1512 1306 6.

49 1342 105 1387 Et
141 1342 232 1401 ipse
275 1341 380 1386 deus
420 1341 746 1395 ὅγλυκύπικρος
779 1342 926 1395 Ἔρως.
994 1340 1155 1385 Confer
1190 1341 1318 1385 etiam
1362 1341 1513 1387 Schol.

49 1426 134 1482 Ap.
178 1421 353 1467 Rh.11.
391 1424 522 1468 1005.
565 1422 723 1466 τίθεται
763 1421 804 1465 δὲ
833 1423 856 1472 ἦ
884 1420 997 1473 λέξις
1040 1422 1290 1480 (στυφελός)
1334 1423 1403 1467 καὶ
1445 1423 1513 1466 ἐπὶ

49 1506 120 1546 τοῦ
151 1507 346 1557 χαλεποῦ
365 1536 378 1552 ,
410 1505 463 1552 ὥς
493 1503 542 1547 τὸ

588 1583 675 1627 ἀπὸ
705 1587 920 1638 στυφελοῦ
953 1584 1215 1639 Ἀφροδίτης.

49 1665 99 1709 In
134 1666 280 1710 vs.25.
311 1664 479 1720 τῇσιδ’
509 1663 869 1717 ἅμ’Ἣγῆσιππσν
890 1664 1112 1715 ἕνέπλεκε,
1144 1665 1332 1718 μαινάδα
1346 1665 1514 1722 βότρυν,

414 1744 568 1800 Πέρσου
598 1746 638 1789 τ’
668 1745 795 1795 εὐώδη
826 1750 990 1799 σχοῖνον
1018 1744 1318 1799 ἀμησάμενος,

49 1824 350 1884 corrigendum
382 1834 444 1869 est
470 1830 606 1875 τοῖσι,
642 1834 690 1869 nt
722 1840 781 1871 vs.
813 1828 883 1870 11.

168 1913 226 1962 τῇ
259 1907 299 1950 δ’
330 1905 441 1959 ἅμα
472 1907 542 1950 καὶ
574 1905 808 1960 σάμψυχον
834 1907 917 1961 ἀφ’
944 1906 1151 1957 ἦδυπνόοιο
1173 1911 1332 1956 Ῥιανοῦ

47 1986 318 2033 scribendum
359 1993 472 2038 τοῖς;
505 2002 590 2030 non
633 1987 746 2030 enim
789 1987 916 2031 flores
956 1971 1130 2031 Rhiani'
1161 1990 1287 2035 unius
1327 1989 1515 2034 Nossidis

50 2067 179 2119 iridi,
228 2068 301 2111 sed
342 2083 524 2113 coronae
571 2067 728 2111 florum
776 2068 970 2111 omnium
1016 2076 1242 2128 poetarum
1296 2070 1511 2131 implicuit

50 2147 275 2207 Meleager.
340 2149 451 2194 uiuo
477 2157 643 2192 constat
676 2150 719 2192 in
754 2163 812 2193 vs.
843 2150 918 2193 39.
1510 2146 1511 2151 ’

169 2227 283 2276 τοὺς
314 2227 355 2270 δ’
381 2226 474 2280 ἅμ’
505 2225 789 2281 ’Λλεξοίνδροιο
815 2227 924 2275 νέους
951 2226 1133 2281 ὅρπηκας
1160 2229 1303 2279 ἐλαίης

293 2306 359 2357 ἠδὲ
386 2306 665 2350 Πολυκλείτου
690 2306 920 2361 πορφυρέην
946 2308 1118 2357 κύανον,

50 2387 324 2431 scribendum
363 2403 478 2431 esse:
522 2393 608 2436 τοῖς
649 2388 684 2431 δ’
726 2386 804 2440 ἅμ’
831 2390 898 2432 Ἀ.
933 2389 992 2434 cl.
1027 2405 1085 2434 vs.
1117 2394 1191 2435 55.
1237 2396 1323 2441 τοῖς
1350 2391 1386 2435 δ’
1416 2391 1514 2447 ἅμα

50 2467 220 2517 Μούσης
251 2468 321 2511 καὶ
360 2467 565 2524 σφετέρης
595 2467 657 2512 ἔτι
687 2483 766 2511 που
801 2469 968 2522 πρώϊμα
997 2469 1185 2514 λευκόϊα.
1252 2472 1515 2533 Praepositio

51 2547 316 2591 desideratur
349 2563 410 2592 vs,
443 2550 517 2592 43.

170 2629 252 2671 καὶ
286 2629 381 2681 μὴν
412 2629 493 2671 καὶ
528 2627 678 2682 Συρίαν
709 2629 1006 2684 στοιχυότριχοι
1037 2633 1188 2682 θήκατο
1220 2633 1387 2688 νάρδον,

290 2709 514 2762 ὑμνοθέτοιν
546 2713 696 2764 Ἑρμοῦ
723 2710 839 2765 δῶρον
869 2712 1098 2765 ἀειδόμενον
1116 2728 1126 2740 ·

172 2791 211 2834 ἒν
239 2790 280 2834 δὲ
307 2790 582 2834 Ποσείδιππόν
607 2808 655 2834 τε
688 2792 756 2834 καὶ
786 2791 979 2843 Ἡδύλον,
1012 2793 1125 2848 ἄγρι’
1153 2796 1317 2850 ἀρούρης

295 2872 511 2916 Σικελίὸεώ
545 2876 582 2915 τ’
611 2873 774 2926 ἀνέμοις
808 2873 932 2918 ἄνθεα
962 2875 1167 2930 Φυόμενα.
