1794 3412
942 248 1205 286 -102—

477 369 716 420 Παρθενικῆς
744 367 877 421 τάφος
899 367 981 418 εἴμ’
1008 368 1193 415 Ἑλένης,
1227 365 1356 408 πένθει
1383 367 1415 409 δ’
1441 369 1505 410 ἐπ’
1531 368 1712 422 ἀδελφοῦ

593 447 860 500 προφθιμένου
886 447 1014 489 διπλᾶ
1039 446 1188 499 μητρὸς
1215 445 1300 499 ἔχω
1329 446 1506 500 δάκρυα·

476 528 718 576 μνηστῆρσιν
745 524 779 566 δ’
807 524 943 567 ἔλιπον
970 525 1064 567 κοίν’
1089 523 1256 575 ἄλγεα·
1287 526 1360 574 την
1385 525 1467 579 γὰρ
1493 525 1551 568 ἔτ’
1577 524 1685 568 οὔπω

592 602 743 650 οὐδενὸς
771 606 793 653 ἦ
821 602 983 646 πάντων
1014 602 1132 651 ἐλπὶς
1161 602 1357 646 ἔκλαυσεν
1382 602 1489 652 ἴσως.

355 683 401 724 In
431 680 555 723 huius
595 682 878 740 inscriptionis
924 698 981 726 vs.
1013 684 1053 726 l.
1098 682 1227 725 codex
1267 683 1450 737 ἀδελφοῦ
1489 681 1780 737 προφθιμένου,

357 761 469 819 quod
508 776 556 803 ex
587 762 736 819 prioris
770 762 964 804 carminis
996 777 1053 805 vs,
1082 763 1100 804 1
1136 763 1178 805 in
1218 762 1401 805 dativum
1443 761 1785 805 commutandum

356 840 536 885 videtur.
599 841 834 883 Brunckius
867 849 908 883 et
947 841 1160 884 Iacobsius
1198 842 1239 883 in
1284 856 1323 885 c.
1357 843 1454 885 183.
1498 841 1564 883 ἐπ’
1600 841 1783 894 ἀδελφοῦ

356 921 640 978 scripserunt,
674 920 745 963 sed
784 921 958 978 genitivi
996 921 1073 963 hac
1101 920 1270 978 quidem
1302 921 1341 963 vi
1380 921 1681 979 praepositioni
1716 918 1782 962 ἐπὶ

356 999 491 1042 additi
529 999 715 1057 exempla
752 999 958 1043 desidero.
1019 999 1184 1042 Ibidem
1225 1014 1282 1043 VS.
1314 1002 1340 1041 2
1389 999 1536 1057 scripsi
1575 997 1783 1052 Κροκάλης

353 1093 432 1136 pro
464 1078 629 1135 vulgata
657 1078 884 1132 κροκαλης,
919 1087 966 1120 ut
997 1079 1141 1120 matris
1163 1078 1216 1119 sit
1249 1092 1417 1120 nomen.
1478 1077 1596 1119 Idem
1629 1091 1781 1118 nomen

356 1157 545 1201 mulieris
581 1159 688 1216 apud
735 1160 909 1201 Lucian.
944 1157 1055 1201 Dial.
1087 1157 1192 1200 Mer.
1221 1156 1326 1207 XV,
1361 1159 1404 1200 2.
1449 1163 1491 1198 et
1524 1156 1603 1197 viri
1631 1154 1783 1209 Κρόκα-

356 1246 425 1284 λος
465 1238 509 1279 in
544 1236 691 1280 Schol.
730 1236 854 1280 Pind.
894 1235 962 1279 01.
992 1236 1042 1286 Ι,
1081 1238 1178 1279 114.
1215 1237 1313 1279 127.
1377 1234 1639 1277 Vocabulum
1681 1250 1783 1287 παρ-

355 1316 481 1365 θενίην
509 1317 552 1358 in
579 1316 815 1368 παρθενικήν
846 1316 998 1357 mutari
1030 1329 1114 1357 non
1149 1329 1341 1365 necesse,
1376 1329 1506 1372 quum
1533 1313 1638 1356 illud
1663 1328 1785 1371 prae-

356 1395 466 1438 ferre
501 1396 687 1454 potuerit
724 1402 877 1452 poeta,
921 1409 972 1435 ne
1017 1402 1099 1435 tam
1144 1394 1258 1436 brevi
1301 1394 1521 1435 intervallo
1559 1393 1784 1450 repetitum

356 1475 466 1516 idem
499 1474 801 1516 substantivum
840 1487 956 1514 aures
987 1472 1230 1516 offenderet.
1294 1473 1348 1515 Et
1382 1472 1634 1514 adiectivum
1669 1471 1786 1514 vide-

358 1562 427 1595 tur
454 1568 540 1594 esse
570 1552 756 1606 παρθενίη
781 1552 861 1593 hoc
887 1565 1032 1595 sensu:
1067 1551 1192 1592 Pluto
1220 1564 1368 1608 puram
1389 1582 1399 1601 ,
1431 1550 1650 1608 innuptam
1681 1550 1785 1594 Cro·

355 1632 464 1674 cales
490 1631 618 1674 filiam
650 1631 805 1689 rapuit.
870 1630 1030 1686 Quibus
1061 1645 1108 1672 ex
1139 1629 1395 1687 Anthologia
1427 1629 1563 1671 ductis
1590 1630 1786 1671 carmini-

355 1711 433 1753 bus
463 1711 683 1753 subiiciam
723 1710 822 1752 duas
853 1710 1148 1767 inscriptiones
1182 1707 1291 1766 apud
1330 1707 1604 1750 Welckerum
1633 1708 1784 1767 Spicil.

358 1791 438 1848 Ep.
465 1792 540 1834 38.
572 1792 643 1832 39.
676 1789 785 1832 Mus.
819 1788 956 1832 Rhen.
987 1790 1114 1831 1845.
1149 1803 1192 1844 p.
1218 1788 1320 1830 261.
1353 1788 1454 1831 262.

472 1868 616 1911 Κλαίει
642 1868 718 1919 μέν
744 1883 790 1909 σε
816 1866 977 1914 τέκνον,
1010 1866 1142 1908 κλαίει
1169 1866 1203 1908 δ’
1226 1865 1546 1917 Ἀγαθαγγελος
1571 1867 1668 1918 ὡνηρ

590 1945 809 2000 μυρόμενος
840 1944 983 1999 φιλίην
1012 1943 1286 1997 τερπνοτάτην
1311 1943 1497 1997 ἀλόχου·

474 2025 665 2078 μύρονται
691 2024 726 2067 δ’
749 2022 921 2077 ἀδελφοὶ
953 2025 1100 2071 Μηνᾶς
1127 2022 1195 2065 καὶ
1224 2022 1413 2075 Δάψιλος
1443 2021 1573 2077 ἄμφω

591 2104 649 2153 ἠδ’
675 2101 781 2145 ὅσσοι
808 2104 846 2144 σ’
873 2102 1039 2156 ἐφίλουν
1062 2101 1249 2151 κῆπόθεον
1275 2100 1405 2143 διόλου
1425 2115 1435 2125 ·

475 2181 680 2237 γηραλέην
707 2182 747 2224 δὲ
775 2181 1084 2232 κομηπολίην
1114 2179 1382 2222 παλλουσα
1411 2180 1500 2222 καθ’
1526 2177 1626 2232 ὤραν

591 2261 692 2315 ἠρίον
715 2259 829 2314 ἀμφὶ
853 2260 942 2302 τεὸν
968 2261 1118 2302 Μοῦσα
1143 2258 1227 2311 χέω
1254 2257 1416 2312 δάκρυα.

357 2350 398 2386 et
422 2343 463 2384 in
491 2341 622 2383 altero
655 2341 768 2398 cippi
797 2339 957 2383 latere:

473 2425 615 2463 Κεῖσαι
646 2419 714 2468 δη,
748 2417 884 2461 τέκνον
915 2417 1069 2466 καλὸν,
1101 2418 1355 2470 προλιποῦσα
1385 2421 1534 2465 τοκῆας

589 2500 655 2549 ἠδὲ
686 2499 953 2549 κασιγνήτους
986 2497 1053 2539 καὶ
1086 2495 1201 2538 πόσιν
1230 2496 1481 2549 ἀμφιθαλῆ,

473 2579 607 2622 νούσου
639 2578 715 2620 ὑπὸ
742 2582 940 2629 στυγερῆς
967 2573 1253 2626 δεδαμασμένη
1269 2588 1278 2597 ·
1310 2573 1442 2635 αὐτὰρ
1469 2572 1609 2624 ἔμοιγε

589 2657 726 2704 πένθος
756 2655 954 2704 ἀνιητόν
986 2654 1187 2701 κάλλιπες
1218 2652 1476 2707 οἷκτροτοὶτη·

471 2743 600 2790 γραῖα
628 2736 662 2779 δ’
689 2737 905 2785 ἀνήκεστον
937 2734 1072 2781 πένθος
1105 2732 1215 2776 κατὰ
1241 2737 1382 2784 μοῖραν
1413 2731 1567 2784 ἔχουσα

591 2815 703 2869 ἀμφὶ
735 2816 827 2863 τεην
860 2816 1036 2863 στήλην,
1070 2816 1217 2855 Μοῦσα
1244 2811 1405 2860 τέκνον,
1440 2810 1607 2864 χέομαι.
