1794 3412
920 270 1170 308 —198-

460 393 480 438 ἡ
510 393 682 440 πτωχῶν
710 389 916 441 χαρίεσσα
942 391 1146 439 πανοπλίη
1173 393 1460 443 αὐτολαγύνων

571 466 691 516 αὕτη.

340 547 397 590 Ut
441 561 562 604 saepe
602 562 804 606 pauperes
849 547 1046 591 dicuntur
1092 551 1353 600 αὐτολήκυθοι
1395 560 1435 594 et
1478 554 1761 603 μονολήκυθοι,

340 626 396 666 ita
426 641 447 667 a
486 626 710 669 Polemone
747 626 1019 679 αὐτολοὶγυνοι
1055 628 1158 671 dieti
1188 629 1400 675 videntur.
1463 632 1639 690 Reliqua
1679 633 1765 674 fere

339 706 477 748 omnia
525 707 707 748 carmina
755 706 853 748 libri
892 705 1003 749 Noni
1051 707 1148 750 inde
1193 723 1214 750 a
1258 723 1296 752 c.
1330 711 1430 753 684.
1475 711 1764 769 inscriptiones

336 794 459 835 sunt,
495 799 670 843 quarum
706 800 829 828 unam
870 787 913 828 in
950 787 1036 829 fine
1073 786 1196 830 huius
1226 789 1322 830 libri
1362 789 1580 840 tractabo,
1615 789 1766 831 sacello

334 864 581 921 inscriptum
608 877 775 906 carmen
806 864 1072 922 Apollonidis
1103 880 1142 910 c.
1172 868 1272 910 791.

451 943 586 995 Μητρὶ
618 943 928 997 περιστεφέα
959 946 1104 992 σηκὸν
1134 945 1324 998 Κυθέρεια
1353 946 1539 1001 θαλάσσῃ

569 1020 767 1074 κρηπῖδας
797 1022 942 1073 βυθίας
973 1022 1138 1074 οἴδματι
1168 1023 1454 1076 πηξαμένη·

450 1101 585 1154 χαίρει
617 1101 651 1143 δ’
681 1101 796 1154 ἀμφὶ
828 1103 873 1144 σὲ
903 1100 1046 1150 πόντος
1065 1136 1075 1151 ,
1111 1103 1176 1144 ἐπὶ
1210 1104 1402 1156 Ζεφύροιο
1432 1112 1593 1159 πνοῇσιν

566 1180 721 1234 ἀφρὸν
752 1181 850 1232 ὑπὲρ
881 1180 1001 1223 νώτου
1032 1180 1236 1223 κυάνεον
1266 1181 1481 1231 γελάσας’

450 1257 582 1301 εἵνεκα
599 1259 646 1300 ’δ’
672 1260 860 1310 εὐσεβίης
892 1262 967 1313 νηῷ
998 1261 1065 1302 τὸν
1091 1260 1278 1312 ἐγείροιτο
1307 1265 1390 1303 σεῖο

565 1337 798 1390 Πόστουμος
816 1372 829 1387 ,
862 1340 1038 1391 αὐχήσει
1071 1337 1222 1391 μέζονα
1252 1341 1404 1391 Φλουσι
1434 1338 1599 1393 Πάφου.

332 1418 403 1460 Vs.
435 1419 473 1460 1.
509 1417 676 1460 brevem
708 1416 910 1474 syllabam
947 1418 988 1459 in
1017 1431 1184 1459 caesura
1217 1418 1491 1475 productam,
1527 1418 1603 1460 ubi
1630 1418 1762 1462 ,codex

331 1495 628 1550 περιστρεφέα,
664 1495 756 1537 tolli
779 1496 895 1538 iussit
923 1495 1187 1539 Hermennus
1214 1497 1265 1537 ed
1293 1494 1428 1553 Orph.
1453 1511 1503 1554 p.
1533 1498 1635 1542 767.
1668 1511 1762 1540 cor-

327 1578 494 1635 rigens:
528 1574 801 1628 περιστεφέας
828 1578 965 1623 σηκοῦ.
1033 1575 1150 1630 Quod
1183 1574 1376 1633 probavit
1403 1576 1631 1621 lacobsius.
1679 1576 1761 1620 Sed

329 1670 381 1697 ne
421 1654 560 1696 omnia
602 1653 808 1697 adiectiva
848 1655 921 1696 uni
965 1653 1222 1696 substantivo
1262 1653 1451 1706 κρηπῖδες
1494 1656 1762 1708 tribuantur,

326 1732 522 1792 equidem
557 1734 709 1776 rectius
738 1742 871 1792 puto:

444 1813 579 1866 Μητρὶ
606 1811 870 1865 περιστεφέος
901 1815 1024 1861 σηκοῦ
1055 1811 1243 1865 Κυθέρεια
1273 1811 1461 1867 θαλάσση

564 1892 760 1945 κρηπῖδας
790 1892 934 1941 βυθίας
965 1890 1130 1942 οἴδματι
1162 1889 1396 1942 πηξάμεθα.

326 1972 407 2014 Pro
434 1969 650 2023 πηξαμένη
680 1969 895 2012 Iacobsius
931 1968 982 2010 ud
1014 1967 1146 2011 Anth.
1180 1977 1213 2012 t.
1242 1969 1344 2013 XII.
1376 1982 1421 2027 p.
1448 1972 1547 2015 480.
1579 1972 1759 2016 coniecit

326 2049 441 2100 πῆξα
470 2048 609 2102 μέσῳ,
655 2042 728 2091 sed
768 2046 874 2089 mihi
917 2046 1100 2089 medium
1138 2045 1360 2098 πηξάμεθα
1390 2049 1527 2105 aptius
1574 2049 1755 2094 videtur.

326 2131 549 2172 Postumus
594 2128 722 2170 enim
750 2126 831 2168 hoc
873 2125 1112 2169 faciendum
1162 2134 1410 2177 curaverat,
1455 2128 1567 2184 quod
1602 2128 1758 2173 media

326 2207 444 2252 verbi
476 2208 610 2249 forma
641 2205 928 2263 significatur,
963 2213 1009 2247 ut
1036 2212 1079 2247 et
1106 2219 1164 2248 vs.
1192 2208 1233 2249 5.
1266 2204 1341 2246 ubi
1370 2205 1555 2258 ἐγείροιτο
1585 2207 1756 2266 scripsi,

326 2301 452 2345 quam
495 2299 765 2344 personarum
813 2284 1088 2326 mutationem
1126 2291 1172 2325 ut
1211 2299 1234 2325 a
1277 2284 1412 2341 primu
1446 2285 1520 2327 fiat
1561 2287 1755 2329 transitus

326 2366 375 2409 ad
410 2374 601 2423 quartam
632 2366 675 2406 in
717 2363 1001 2422 superioribus
1030 2362 1255 2406 illustravi.
1318 2362 1399 2405 Pro
1429 2363 1614 2414 ἐγείνατο
1642 2367 1754 2424 quod

325 2462 384 2490 vs,
416 2449 457 2489 5.
490 2446 532 2487 in
564 2444 709 2487 codice
737 2443 891 2500 legitur
929 2442 1143 2485 Iacobsius
1170 2442 1386 2485 Brunckio
1408 2442 1639 2486 ¹obsecutus
1665 2444 1755 2488 edi-

323 2525 386 2567 dit
411 2523 630 2575 ἐδείματο,
664 2530 706 2565 et
737 2535 833 2563 sane
870 2520 974 2563 illud
1009 2520 1178 2563 defendi
1215 2534 1334 2579 posse
1374 2523 1440 2564 vix
1470 2522 1720 2567 crediderim
1740 2557 1752 2575 ,

324 2604 394 2647 sed
426 2603 610 2657 ἔγείρατο
646 2602 785 2660 potius
815 2592 1262 2660 poetae'freddendum
1302 2602 1472 2658 putavi,
1507 2617 1599 2644 nam
1644 2603 1753 2654 ἐγεί-

323 2700 400 2737 ρειν
431 2683 482 2726 de
514 2681 712 2725 aedificiis
744 2679 952 2723 faciundis
985 2681 1143 2738 optime
1175 2679 1326 2722 dicitur
1358 2688 1399 2722 et
1429 2679 1618 2737 pluribus
1649 2681 1752 2724 locis

322 2765 485 2807 literam
532 2779 551 2803 ν
596 2776 617 2803 a
666 2760 809 2818 patulo
849 2775 868 2812 ρ
912 2775 993 2802 non
1042 2759 1207 2802 differre
1260 2767 1432 2801 testatur
1475 2760 1749 2805 Paullsenius.
