1794 3412
634 259 912 301 --189--

170 389 203 430 οἱ
236 387 277 430 δὲ
304 384 517 442 τριηκόσιοι
544 385 702 435 ταύτης
728 384 868 438 στίχοι
900 381 977 427 ἶσοι
1005 384 1171 438 Ὁμήρῳ

286 473 361 518 τῆς
394 467 464 511 καὶ
496 468 739 521 παρθενικῆς
769 464 1173 514 ἐννεακαιδεκέτευς,

169 550 191 599 ἢ
226 549 294 592 καὶ
327 549 394 591 ἐπ’
425 546 620 603 ἠλακάτῃ
645 546 798 601 μητρὸς
828 545 952 601 φόβῳ
978 545 1002 597 ἢ
1034 543 1104 589 καὶ
1138 544 1208 599 ἐφ’
1240 543 1341 598 ἱστῷ

286 629 468 680 εἱστήκει
498 627 694 672 Μουσέων
721 626 902 681 λάτρις
935 624 1226 681 ἐφαπτομένη.

171 712 339 765 Σαπφὼ
370 710 406 753 δ’
438 710 618 764 Ἠρίννης
649 707 768 752 ὅσσον
798 707 1020 761 μελέεσσιν
1050 707 1230 760 άμείνων

284 792 455 844 ’Ήριννα
487 791 695 844 Σαπφοῦς
726 787 873 832 τόσσον
905 789 947 831 ἕν
978 786 1231 842 ἑξαμέτροις.

50 871 206 930 Erinna
244 871 483 914 enim-non
525 870 610 913 fuit
637 868 797 912 famula
832 883 975 926 neque
1009 882 1126 911 serva
1165 871 1277 927 quae
1319 866 1517 911 dominae

7 991 9 996 .
48 953 163 994 iussu
194 966 323 1010 pensa
357 949 570 1001 trahebat.
634 948 743 992 Nam
770 949 988 1008 genitivus
1021 947 1218 992 Μουσέων
1250 963 1350 992 cum
1374 948 1517 1004 ἔφαπ-

48 1030 198 1083 τομένη
252 1029 504 1089 iungendus.
577 1030 713 1086 Quam
755 1028 812 1072 ob
843 1043 1038 1072 causam·
1072 1029 1270 1088 corrigo:
1319 1028 1516 1072 Μουσέων

45 1111 174 1166 λάθρη
202 1110 495 1167 ἐφαπτομένη.
560 1111 626 1155 Ita
673 1111 716 1153 in
755 1125 907 1153 novem
952 1109 1110 1168 lyricos
1142 1110 1188 1153 in
1224 1125 1358 1157 unum
1392 1109 1516 1154 volu-

0 1228 5 1246 ,
43 1207 140 1238 men
184 1193 437 1236 coniunctos
468 1200 631 1236 exstant
664 1192 967 1251 epigrammata
997 1190 1213 1235 άδέσποτα
1247 1192 1304 1238 A.
1337 1191 1386 1237 Ρ.
1414 1190 1510 1243 ῙΧ,

0 1262 2 1293 ²
51 1277 131 1318 ⁵71
168 1282 212 1318 et
246 1275 348 1320 184.

165 1354 338 1408 Πίνδαρε
368 1354 573 1398 Μουσάων
593 1355 706 1409 ,ἱερὸν
736 1354 879 1408 στόμα
913 1354 984 1399 καὶ
1015 1353 1126 1398 λάλε
1158 1355 1303 1410 Σειρὴν

287 1436 531 1488 Βακχυλίδῃ
563 1437 772 1490 Σαπφοῦς
804 1438 844 1479 τ’
876 1434 1063 1484 Αἰολίδες
1094 1435 1286 1490 χάριτες.

163 1514 381 1569 γράμμα
410 1517 459 1558 τ’
489 1515 794 1570 Ἀνακρείοντος
820 1516 1045 1571 Ὁμηρικὸν
1069 1514 1112 1566 ὅς
1137 1518 1179 1560 τ’
1203 1515 1293 1560 άπὸ
1319 1517 1455 1571 ῥεῦμα

286 1595 477 1644 ἔσπασας
508 1596 665 1645 οἰκείοις
698 1596 926 1650 Στησίχορ’
958 1597 1000 1639 ἐν
1031 1595 1239 1649 καμάτοις
1269 1597 1358 1640 κτὲ.

47 1675 134 1721 Ubi
167 1691 227 1721 vs,
253 1679 296 1721 3.
329 1676 472 1720 malim
505 1675 629 1732 ᾇσμά
659 1678 699 1719 τ’
731 1677 1061 1731 Ἀνακρείοντος,
1107 1684 1155 1719 ut
1183 1677 1407 1720 Anacreon
1447 1673 1515 1718 di-

48 1756 161 1799 citur
193 1755 381 1810 ᾠδοποιός
415 1757 469 1802 A.
503 1757 553 1803 Ρ.
583 1756 646 1800 IX
667 1789 679 1807 ,
715 1758 819 1801 599.
854 1759 899 1801 4.
943 1756 1051 1799 Nam
1079 1754 1266 1812 γράμμα
1290 1771 1372 1816 pro
1400 1757 1516 1801 Ana-

42 1838 227 1880 creontis
267 1837 492 1880 cantilenis
525 1852 610 1880 non
650 1837 749 1879 satis
780 1836 1070 1895 significanter
1114 1835 1280 1880 dictum
1311 1835 1420 1880 mihi
1450 1837 1515 1880 vi·

48 1916 190 1962 detur.
253 1918 330 1961 His
368 1917 717 1977 epigrammatis,
752 1925 795 1960 et
827 1915 1087 1975 Grinagorae
1119 1917 1174 1962 A.
1203 1917 1253 1963 P.
1279 1917 1339 1962 IX
1359 1949 1372 1969 ‚
1408 1920 1513 1962 239.

163 1996 338 2050 Βύβλων,
366 1999 392 2048 ἦ
423 1998 606 2051 γλυκερὴ
637 1999 807 2051 λυρικῶν
840 1997 883 2039 ἐν
914 1996 1066 2050 τεύχεϊ
1093 1996 1196 2051 τῷδε

269 2077 445 2140 ,πεντὰς
476 2078 698 2130 ἀμιμήτων
729 2076 834 2131 ἔργα
865 2077 980 2132 φέρει
1014 2077 1198 2132 Χαρίτων

166 2157 450 2211 Ἀνακρέοντος
465 2190 476 2207 ,
1228 2194 1230 2197 .

49 2246 91 2280 et
119 2238 172 2280 de
203 2236 432 2296 Sapphone
467 2235 600 2280 Tullii
636 2237 824 2282 Laureae
854 2239 938 2297 Ep.
974 2239 1026 2283 A.
1057 2239 1107 2284 P.
1137 2238 1249 2290 VII,
1285 2242 1357 2286 17.
1391 2244 1435 2285 5.

168 2318 214 2368 ἢν
240 2316 283 2359 δέ
309 2333 365 2369 με
396 2315 603 2360 Μουσάων
636 2317 787 2373 ε’τάσῃς
817 2316 942 2372 χάριν
960 2351 972 2367 ,
1007 2316 1059 2361 ὧν
1089 2318 1170 2373 ἀφ’
1201 2316 1380 2369 ἑκάστης

287 2396 474 2450 δαίμονος
507 2396 624 2446 άνθος
657 2397 737 2453 ἐμῇ
769 2398 873 2447 θῆκα
903 2400 1002 2452 παρ’
1033 2397 1186 2441 ἐννεάδι

50 2486 319 2536 compertum
348 2477 555 2522 habemus
590 2479 868 2522 Anacreontis
901 2477 1043 2523 odaria
1082 2480 1125 2523 in
1160 2479 1355 2539 quinque
1380 2479 1513 2525 libros

46 2573 70 2603 a
108 2559 393 2618 grammaticis
442 2559 615 2603 Graecis
650 2559 879 2603 distributa
919 2560 1076 2613 fuisse,
1127 2560 1370 2620 Sapphonis
1410 2578 1511 2606 vcro

48 2642 238 2685 carmina
269 2642 312 2684 in
347 2656 498 2684 novem
527 2641 676 2685 libros.
741 2642 795 2685 Et
828 2657 876 2685 ex
906 2642 1124 2701 Antipatri
1152 2642 1510 2688 Thessalonicen-

50 2722 103 2764 sis
131 2737 251 2764 versu
286 2722 338 2765 A.
370 2722 417 2765 P.
445 2721 506 2764 IX
529 2755 540 2773 ,
573 2724 647 2767 26.
683 2726 726 2766 5.

161 2804 351 2855 ’Ἡρινναν
378 2800 644 2844 Τελέσιλλαν
674 2801 875 2854 ἀγακλέα
908 2803 1000 2847 καῖ’
1010 2820 1056 2846 σε
1088 2803 1254 2858 Κόριννα

286 2884 409 2936 θοῦριν
441 2883 656 2932 Ἀθηναίης
691 2884 849 2929 ἀσπίδα
881 2884 1164 2938 μελψαμέναν
