1794 3412
900 255 1161 294 —124—

307 379 430 428 pacto
473 370 623 417 adduci
667 385 851 429 possum.
925 373 1052 417 Cuius
1086 374 1291 417 dissensus
1342 377 1521 420 rationes
1559 377 1738 434 singulas

306 464 389 492 non
423 449 667 508 explicabo,
700 465 832 508 quum
855 450 960 494 mihi
984 465 1226 509 persuasum
1251 453 1304 495 sit
1333 455 1500 498 criticos
1527 463 1737 513 quotquot

303 526 377 570 hos
408 543 548 570 versus
588 528 670 570 sibi
702 529 940 572 tractandos
980 539 1210 573 sumserant
1229 563 1243 583 ‚
1274 530 1512 590 Sapphonis
1550 542 1734 576 mentem

303 621 450 663 parum
480 608 755 666 perspexisse.
818 609 1047 652 Annotavit
1078 610 1189 652 enim
1228 610 1445 654 Bentlcius
1466 619 1643 654 statuam
1671 611 1736 655 di·

304 699 398 727 cere
428 700 471 728 se
497 687 565 730 vel
589 694 750 731 mutam
782 687 900 746 loqui
924 704 1073 747 posse,
1107 690 1140 731 si
1165 690 1260 747 quis
1289 690 1604 748 inscriptionem
1631 706 1736 750 qua-

304 772 400 807 tuor
426 765 500 824 qui
528 775 763 825 sequuntur
788 767 1000 811 versiculis
1025 776 1286 812 constantem
1313 769 1453 828 legere
1477 771 1607 822 velit,
1642 780 1736 815 ante

301 843 427 901 pedes
467 845 510 888 in
548 845 637 889 basi
664 848 843 906 positam
864 880 875 899 ‚
909 856 952 891 et
982 847 1033 890 ad
1065 847 1237 891 eandem
1278 864 1467 892 normam
1505 850 1738 894 Meinekius

301 924 469 981 scripsit
514 922 595 966 hoc
641 926 893 984 epigramma
937 926 1192 985 insculptum
1234 927 1361 970 fuisse
1409 929 1496 971 basi
1545 936 1734 979 statuae,

302 1016 428 1060 quam
465 1002 706 1061 loquentem
746 1004 956 1047 induxisse
990 1006 1210 1063 poetriam.
1273 1005 1356 1049 Sed
1395 1006 1549 1050 diserte
1587 1009 1737 1050 inscri-

300 1082 460 1139 ptionis
485 1084 611 1126 verba
637 1082 923 1127 demonstrant
948 1084 1079 1142 ipsam
1107 1093 1284 1127 statuam
1304 1118 1315 1136 ‚
1350 1087 1380 1130 i.
1405 1101 1443 1129 e.
1479 1094 1637 1129 statuae
1664 1087 1737 1128 ba·

300 1161 363 1203 sin
387 1160 548 1216 ἄφωνον
579 1178 694 1216 esse,
727 1162 842 1206 nulla
871 1165 1000 1222 igitur
1024 1164 1299 1222 inscriptione
1322 1173 1529 1210 ornatam.
1590 1166 1738 1224 Neque

302 1239 354 1284 de
382 1249 516 1285 statua
546 1243 665 1284 cuius
690 1242 776 1285 basi
807 1242 1013 1300 insculpta
1046 1251 1107 1285 est
1133 1243 1350 1302 inscriptio
1387 1243 1470 1286 dici
1497 1254 1634 1303 potest
1655 1247 1737 1296 ..ei
1786 1270 1790 1275 ·=

301 1333 447 1363 vocem
492 1329 589 1363 ante
636 1321 761 1380 pedes
801 1323 984 1380 positam
1030 1337 1132 1365 esse.
1209 1322 1360 1365 Omnia
1396 1324 1507 1365 enim
1543 1340 1651 1381 quae
1688 1326 1738 1368 ad

303 1399 419 1442 basin
448 1408 608 1443 statuae
642 1402 808 1452 iacent,
843 1411 938 1444 ante
966 1401 1093 1459 pedes
1124 1410 1283 1444 statuae
1313 1403 1446 1444 iacere
1489 1402 1686 1447 dicuntur
1718 1420 1738 1446 a

304 1478 490 1522 Graecis.
526 1494 563 1522 v,
596 1478 825 1522 Leonidam
854 1479 1084 1523 Leonidam
1118 1480 1170 1523 Α.
1204 1480 1250 1525 Ρ.
1280 1480 1366 1531 VI,
1402 1482 1504 1525 200.

418 1558 493 1600 Ἐκ
523 1557 640 1600 τόκου
659 1590 670 1606 ,
704 1559 901 1609 Εἱλήθυιοε
922 1592 933 1610 ,
966 1559 1112 1613 πικρὰν
1145 1558 1264 1602 ὠδῖνα
1294 1563 1491 1614 Φυγοῦσοο

538 1636 766 1690 ’Λμβροσιή
794 1642 957 1681 κλεινῶν
988 1636 1140 1688 θήκας-ό
1170 1654 1229 1681 σοι
1261 1639 1334 1692 πρὸ
1365 1639 1492 1682 ποδῶν

419 1713 554 1767 δεσμοὶ
585 1714 718 1768 κόμαις
749 1715 816 1759 καὶ
848 1716 1032 1766 πέπλον,
1063 1717 1112 1759 ’ἐν
1143 1714 1172 1771 ᾧ
1202 1716 1358 1771 δεκάτῳ
1388 1718 1467 1760 ἐπὶ
1487 1718 1589 1769 μηνὶ

537 1793 670 1837 δισσὸν
701 1794 784 1837 ἀπὸ
816 1794 936 1847 ζώνης
968 1797 1066 1848 κῦμ’
1099 1795 1298 1849 ἐλόχευσε
1328 1796 1488 1840 τέκνων.

305 1871 423 1917 cuius
449 1873 626 1917 alterum
657 1873 865 1916 distichon
897 1874 954 1916 ita
982 1874 1321 1919 emendandum:

952 1953 1022 2006 ἐφ’
1055 1950 1082 2006 ᾧ
1114 1952 1270 2006 δεκάτῳ
1301 1953 1355 1996 ἐνὶ
1388 1953 1482 2005 μηνὶ

537 2029 669 2073 δισσὸν
701 2030 777 2073 ὑπὸ
804 2029 924 2084 ζώνης
956 2034 1054 2083 κῦμ’
1084 2030 1282 2085 ἐλόχευσε
1313 2030 1472 2075 τέκνων.

305 2108 455 2153 Verbis
480 2108 548 2163 ἐφ’
576 2106 603 2162 ᾧ
631 2110 739 2152 ratio
777 2109 969 2152 redditur
999 2125 1128 2168 quare
1164 2110 1244 2153 hoc
1274 2111 1492 2154 donarium
1522 2110 1740 2155 dedicave-

302 2189 358 2231 rit
386 2187 637 2232 Ambrosia:
671 2188 926 2246 praepositio
954 2189 1012 2231 ε’νί
1039 2190 1162 2233 unice
1189 2199 1283 2249 apta
1303 2222 1313 2242 ,
1348 2199 1389 2233 et
1415 2189 1494 2233 ὑπό
1520 2190 1629 2233 idem
1654 2191 1739 2233 fere

305 2265 418 2325 quod
460 2265 591 2314 ὑπέκ,
627 2266 740 2324 quod
781 2266 870 2309 aliis
910 2267 1084 2311 fortasse
1114 2278 1323 2327 praestare
1365 2269 1591 2313 videbitur.
1654 2269 1738 2314 Ad-

305 2346 457 2388 dantur
485 2344 676 2388 Achaeus
702 2360 769 2403 ap.
803 2345 948 2390 Schol.
982 2348 1084 2391 Eur.
1121 2347 1194 2391 Or.
1216 2351 1315 2393 363.
1354 2365 1391 2392 v.
1414 2349 1595 2393 Meinek.
1616 2348 1736 2392 Anat..

306 2424 423 2469 Alex.
459 2440 502 2482 p.
541 2426 635 2468 161.

539 2505 627 2546 Νῦν
653 2500 717 2546 οὖν
744 2504 860 2554 ἡμεῖς
892 2504 1023 2547 ἱκέται
1043 2537 1228 2548 .......

543 2581 718 2630 θοιλλούς
749 2598 795 2624 τε
828 2583 919 2625 θεῶν
950 2584 1073 2638 γέρας
1094 2617 1281 2628 .......

539 2661 699 2712 τίθεμεν
730 2661 804 2714 πρὸ
836 2661 963 2705 ποδῶν
994 2667 1071 2706 τῶν
1102 2668 1178 2706 σῶν
1210 2664 1332 2715 λῆξαι

541 2746 612 2790 τῆς
639 2739 863 2793 οἷστερόπου
896 2742 1016 2790 Ζηνὸς
1049 2743 1198 2790 θυσίαις.

306 2820 479 2868 Pausan.
501 2820 557 2863 lx
582 2853 592 2871 ,
633 2822 697 2864 19.
734 2824 774 2863 4.
816 2821 887 2873 πρὸ
920 2825 989 2865 τοῦ
1023 2820 1273 2874 ἀγάλματος
1302 2826 1379 2866 τῶν
1414 2820 1537 2863 ποδῶν
1569 2819 1741 2862 τιθέοισιν
