1794 3412
944 254 1145 293 ..6-

391 374 534 416 Πολλα
566 375 661 415 πιὼν
693 374 761 414 καὶ
794 375 940 416 πολλοὶ
963 376 1111 429 φαγὼν
1143 376 1210 417 καὶ
1244 375 1383 419 πολλὰ
1414 375 1507 417 κάκ’
1538 377 1655 418 sinam

564 452 786 504 ἀνθρώπους
817 456 956 503 κεῖμαι
988 451 1215 504 Τιμοκρέων
1247 451 1402 501 Ῥόδιος.

331 530 452 587 Quod
495 529 733 574 Athenaeus
779 529 886 573 dixit
929 530 976 573 τὸ
1006 530 1072 573 ἐπὶ
1115 533 1186 574 τοῦ
1227 530 1365 585 τάφου
1405 533 1653 587 ἐπίγραμμα
1685 532 1751 581 Χ,

332 611 414 651 415
458 608 507 651 F.
556 609 696 666 specie
735 607 936 666 deceptus
978 624 1062 656 non
1113 610 1250 652 minus
1300 625 1424 669 quam
1478 611 1756 669 Anthologiae

328 686 541 730 Palatinae
585 686 810 737 conditor;
855 687 1034 745 scriptus
1087 688 1200 732 enim
1244 696 1306 731 est
1349 696 1559 747 tamquam
1609 689 1757 732 titulus

329 766 457 824 cippo
492 764 800 810 inscribendus.
855 765 1017 809 Pariter
1044 764 1292 809 Theocritus
1329 765 1460 810 chius
1490 765 1600 826 apud
1629 767 1753 826 Diog.

328 843 380 888 L.
412 844 449 886 V
465 875 476 896 ,
513 846 582 889 11.
622 843 847 897 ἄπέσκωψε
877 842 914 887 δ’
938 844 995 893 εἰς
1021 845 1144 888 αὐτὸν
1166 845 1417 898 ἐπίγραμμα
1445 845 1514 889 καὶ
1549 844 1757 900 Θεόκριτος

327 922 347 964 ὅ
374 926 493 971 Χῖος,
524 921 667 965 οὑτωσὶ
694 923 891 973 ποιήσας,
923 921 974 972 ὅς
999 926 1124 978 φησιν
1150 923 1368 978 Ἀμβρύων
1393 923 1434 967 ἐν
1458 925 1516 978 τῷ
1540 924 1630 978 περὶ
1658 931 1755 968 Θεο-

329 1001 459 1054 κρίτου
479 1015 490 1025 ·

446 1079 628 1134 Ἑρμείου
659 1079 852 1133 εὐνούχου
882 1079 933 1123 ἴδ’
964 1080 1177 1132 Εὐβούλου
1207 1080 1296 1124 τόδε
1328 1081 1468 1124 δούλου

504 1165 650 1211 μνῆμα
680 1159 790 1202 κενὸν
820 1158 1020 1213 κενόφρων
1050 1161 1165 1210 θῆκεν
1196 1159 1504 1213 Ἀριστοτέλης,

445 1236 487 1286 ὃς
517 1238 586 1281 δια
614 1238 686 1287 την
716 1237 876 1291 ἀκρατῆ
906 1238 1085 1291 γαστρὸς
1115 1237 1241 1291 φύσιν
1272 1235 1403 1281 εἵλετο
1433 1237 1556 1281 ναίειν

506 1317 597 1359 ἄντ’
628 1315 904 1367 Ἀκαδημείας
935 1314 1126 1370 Βορβόρου
1156 1317 1197 1359 ἐν
1228 1321 1439 1370 προχοαῖς.

331 1394 412 1438 Sed
455 1394 507 1438 de
544 1394 610 1438 his
641 1394 753 1454 quod
789 1395 1016 1447 affirmavi,
1050 1397 1140 1454 ipse
1165 1396 1288 1439 nimis
1324 1411 1472 1455 urgere
1501 1395 1627 1448 nolo,
1659 1410 1754 1439 narn

330 1474 465 1517 fateor
505 1473 617 1517 haud
655 1473 834 1517 absurde
876 1475 969 1531 quis
1007 1474 1214 1516 coniicere
1251 1475 1381 1532 possit
1417 1473 1674 1518 Simonidem
1714 1482 1758 1517 et

330 1552 601 1597 Theocritum
639 1551 812 1610 parodia
844 1551 994 1596 lusisse>
1017 1553 1319 1610 epigrammata
1361 1552 1607 1611 sepulcralia
1637 1567 1660 1595 a
1685 1552 1758 1596 'ri-

327 1638 570 1674 mocreonte
604 1629 718 1680 sibi,
761 1629 814 1672 ab
855 1628 1082 1673 Aristotele
1121 1630 1163 1673 in
1206 1630 1420 1674 Hermiam
1455 1638 1498 1674 et
1540 1631 1755 1675 Eubulum

329 1712 510 1768 scripta;
545 1709 598 1752 de
624 1708 718 1751 aliis
734 1723 832 1752 vero
859 1709 962 1767 quin
994 1723 1086 1751 vera
1110 1709 1346 1768 scripserim
1373 1724 1456 1752 non
1477 1709 1755 1755 dubitandum

327 1788 509 1835 videtur.
539 1788 600 1833 Ut
625 1787 677 1830 de
699 1787 886 1830 carmine
910 1786 1056 1830 Alcaei
1077 1786 1272 1830 Messenii
1299 1787 1410 1846 apud
1437 1786 1663 1846 Cephalum
1691 1789 1756 1832 in·

328 1877 392 1912 ter
434 1867 726 1925 inscriptiones
754 1866 1004 1924 sepulcrales
1043 1866 1096 1909 A.
1128 1866 1175 1911 P.
1207 1866 1287 1909 VII
1305 1898 1316 1917 ‚
1350 1869 1451 1909 247.
1496 1874 1540 1910 et
1574 1867 1756 1912 disticho

327 1947 491 1991 auctius
518 1945 628 2005 apud
661 1944 775 1989 Plut.
807 1944 986 1988 Flamin.
1020 1958 1058 1988 c.
1085 1943 1163 1987 lX.

439 2029 694 2074 ’Ἄκλαυστοι
725 2023 794 2067 καὶ
825 2022 1025 2072 ἄθαπτοι,
1058 2022 1256 2077 ὁδοιπόρε,
1289 2023 1380 2077 τῷδ’
1412 2024 1478 2067 ἐπὶ
1509 2026 1615 2078 νώτῳ

563 2103 798 2152 Θεσσαλίης
826 2102 984 2156 τρισσαὶ
1018 2102 1187 2153 κείμεθα
1217 2101 1456 2167 μυριάδες,’

444 2183 634 2226 Αἰτωλῶν
663 2180 877 2233 δμηθέντες
910 2181 979 2224 ὑπ’
1005 2182 1148 2234 ’Άρεος
1179 2180 1245 2230 ἠδὲ
1276 2182 1487 2230 Λατίνων,

562 2258 627 2308 οὓς
658 2260 781 2307 Τίτος
813 2260 962 2312 εὐρείης
994 2260 1126 2310 ἤγαγ’
1156 2260 1232 2302 ἀπ’
1263 2261 1467 2309 Ἰταλίης,

447 2338 622 2393 Ἠμαθίῃ
651 2338 767 2390 μέγα
798 2343 947 2389 πῆμα·
978 2338 1023 2380 τὸ
1054 2337 1096 2381 δὲ
1127 2338 1250 2391 θρασὺ
1280 2343 1383 2381 κεῖνο
1415 2340 1618 2383 Φιλίππου

561 2420 727 2469 πνεῦμα
757 2418 848 2460 θοῶν
877 2415 1045 2471 ἐλάφων
1076 2416 1201 2471 ᾤχετ’
1231 2417 1511 2471 ἐλαφρότερον.

327 2498 476 2556 Neque
521 2497 649 2554 magis
701 2495 754 2539 de
791 2496 1043 2554 quibusdam
1087 2495 1178 2538 aliis
1223 2509 1271 2538 ex
1310 2494 1566 2554 Anthologia
1610 2498 1754 2555 petitis

326 2576 607 2621 dubitandum
633 2583 722 2626 est,
756 2590 863 2634 quae
884 2576 940 2618 ita
972 2589 1178 2634 apponam
1207 2582 1256 2617 ut
1282 2574 1455 2632 singulis
1486 2575 1626 2618 statim
1653 2577 1753 2620 sub-

327 2659 494 2714 iungam
525 2670 632 2714 quae
659 2654 712 2697 de
751 2654 888 2696 verbis
930 2655 1017 2697 sive
1058 2653 1109 2696 ad
1147 2654 1532 2712 interpretationem
1574 2656 1660 2700 sive
1699 2656 1751 2698 ad

327 2734 626 2779 emendandam
664 2733 888 2776 lectionem
931 2733 1159 2790 spectantia
1191 2731 1295 2776 mihi
1323 2733 1575 2777 observanda
1607 2733 1752 2778 viden-

329 2822 395 2856 tur
413 2847 422 2864 ,
455 2822 500 2856 ut
531 2820 735 2873 quantum
766 2813 807 2855 in
839 2826 905 2856 me
931 2813 1100 2857 estsine
1126 2812 1347 2857 offensione
1371 2812 1453 2872 legi
1476 2813 1650 2872 possint.
1698 2813 1751 2857 Et
