1794 3412
633 260 896 300 —191—

42 390 194 434 mirum
241 387 350 431 mihi
395 385 551 431 accidit
596 385 678 429 hoc
726 387 820 429 loco
857 383 1138 430 Menandrum
1182 384 1285 429 ferri
1325 384 1502 429 floribus

0 479 2 525 j
39 470 246 515 nutritum
272 484 361 514 esse
391 468 446 512 ab
474 468 639 528 apibus,
704 466 828 524 Quod
858 465 1077 511 Iacobsius
1109 465 1242 509 tuitus
1270 475 1333 511 est
1369 468 1502 511 versi-

0 556 2 562 *
39 552 116 595 bus
148 550 367 595 Theocriti
398 550 510 601 vu,
546 550 620 592 80.

155 630 206 681 ὥς
237 631 285 676 τέ
315 647 374 675 νιν
404 631 449 674 αἱ
481 629 602 683 σιμαὶ
634 626 852 680 λειμωνόθε
885 626 1041 683 φέρβον
1072 628 1195 671 ἶοῖσαι

156 711 362 767 κέδρονές
394 711 537 757 ἁδεῖαν
567 714 777 763 μαλακοῖς
809 707 1016 754 ἄνθεσσι
1046 707 1261 760 μέλισσαι.

40 791 122 836 Sed
162 792 484 852 huncquoque
520 790 661 834 locum
701 797 952 850 corruptum
987 796 1096 848 puto
1134 796 1178 833 et
1216 789 1282 833 vix
1321 787 1501 834 dubium

40 872 145 916 mihi
190 872 354 916 videtur
394 873 498 932 quin
541 870 801 919 Theocritus
835 869 1082 928 scripserit:
1131 873 1344 921 μαλακοῖς
1387 885 1500 924 σχα-

36 953 206 997 δόνεσσι.
270 953 392 996 Εονίε
422 954 535 996 enim
566 951 787 996 Comatam
815 949 1068 995 enutrivisse
1105 950 1322 1010 aptissime
1348 949 1502 994 dicun-

38 1042 106 1077 tur
144 1049 259 1093 apes,
296 1032 478 1092 ‘Neque
509 1047 609 1092 apes
648 1031 773 1077 flores
795 1030 1075 1090 *decerpsisse
1115 1039 1385 1091 potuerunt,
1428 1030 1502 1076 sed

39 1115 120 1175 ipsi
158 1123 309 1173 poetae
341 1113 587 1159 solemniter
614 1113 704 1161 fere
729 1112 813 1156 hoc
843 1112 994 1156 fecisse
1018 1112 1234 1158 feruntur.
1299 1111 1359 1157 Ut
1385 1110 1501 1173 apud

36 1196 268 1240 Leonidam
301 1195 355 1241 A.
382 1194 543 1241 P.·V11
562 1228 572 1247 ‚
611 1197 681 1239 13.
706 1197 749 1240 2.
806 1196 999 1249 Ἤρινναν
1025 1197 1201 1241 Μουσῶν
1225 1191 1354 1238 ἄνθεα
1376 1192 1498 1248 δρεπ-

34 1276 223 1329 τομέναν.
294 1276 545 1335 Pompeium
591 1290 632 1322 c.
662 1278 766 1320 219.
802 1278 844 1322 2.
891 1278 916 1326 ἧ
960 1275 1090 1328 μούνη
1136 1274 1322 1330 Χαρίτων
1367 1274 1503 1331 λείρια

31 1357 282 1412 δρεψαμένη.
330 1357 467 1404 Anth.
502 1358 625 1403 Plan.
655 1360 760 1403 274.
795 1360 839 1403 3.
872 1356 1054 1407 ἄλλοθεν
1085 1355 1206 1402 ἄλλα
1236 1357 1379 1414 ἰητρῶν
1404 1373 1500 1412 προ-

31 1437 151 1493 τέρων
182 1437 309 1482 ἄνθεα
333 1437 603 1494 δρεψάμενος.
670 1438 957 1495 Quamobrem
1000 1437 1077 1482 hos
1112 1453 1256 1483 versus
1282 1439 1341 1483 ita
1370 1439 1501 1483 refin-

37 1519 170 1562 xerim
191 1537 203 1563 t

154 1599 284 1643 αὐταί
311 1614 358 1642 σε
388 1598 660 1652 σχαδόνεσσιν
689 1596 968 1653 (ἐνεθρέψαντο
1000 1598 1201 1651 μέλισσαι

274 1680 445 1724 ποικίλα
475 1678 680 1723 Μουσάων
712 1677 840 1722 ἄνθεα
866 1677 1137 1733 δρεψάμενον.

35 1759 108 1804 Vs.
137 1762 181 1804 4.
229 1774 313 1802 non
339 1758 413 1802 abs
444 1774 492 1802 re
523 1759 653 1802 fuerit
685 1775 859 1803 monere
886 1758 1095 1812 ἐνθέμεναι
1127 1774 1216 1804 esse
1240 1760 1501 1805 infinitivum

31 1839 214 1883 ἐνθεῖναι.
270 1839 353 1884 Vs.
388 1837 431 1885 5.
476 1839 686 1883 Planudes
716 1849 857 1883 recte:
902 1839 1014 1884 ἔστιν
1044 1841 1252 1892 Ἀθήναις.
1315 1840 1500 1900 Elegan-

35 1928 97 1963 ter
140 1934 314 1979 quoque
354 1919 560 1978 scriptum
602 1921 862 1980 epigramma
903 1922 946 1964 in
978 1920 1290 1981 Platonem-A.
1325 1921 1374 1967 P.
1405 1922 1499 1976 lx,

35 2014 75 2046 c.
108 2002 207 2045 188.

152 2082 332 2130 Ἀτθίδος
355 2081 595 2134 εὐγλώσσου
627 2081 770 2133 στόμα
800 2081 1034 2137 φέρτατον,
1068 2084 1112 2126 οὐ
1144 2083 1211 2127 σέο
1237 2083 1379 2139 μεῖζον

272 2161 451 2215 φθέγμα
481 2162 756 2212 Πανελλήνων
789 2164 912 2204 πᾶσα
942 2161 1106 2206 κέκευθε
1136 2163 1277 2212 σελίς”

156 2244 310 2294 πρῶτος
340 2240 376 2283 δ’
407 2240 464 2289 εἷς
490 2256 539 2284 τε
566 2241 652 2283 θεὸν
685 2241 754 2284 καὶ
784 2241 825 2288 ἐς
855 2240 1018 2294 οὐρανὸν
1046 2240 1170 2294 ὄμμα
1195 2243 1407 2295 τανύσσας

275 2321 355 2364 θεῖε
378 2317 558 2364 Πλάτων
585 2321 656 2371 ἤθη
689 2321 758 2363 καὶ
790 2320 882 2372 βίον
908 2319 1103 2373 ηὐγιὲσαο
1120 2355 1133 2372 ,

155 2401 400 2455 Σωκρατικῷ
426 2397 587 2453 Σάμιον
619 2399 802 2455 κεράσας
830 2407 1005 2457 μυκτῆρι
1031 2402 1228 2458 φρόνημα

274 2479 500 2524 κάλλιστον
530 2486 687 2533 σεμνῆς
715 2482 1167 2537 σῆμαδιχοστασίης.

37 2560 122 2606 Ubi
157 2576 216 2606 vs,
251 2563 295 2604 6.
330 2560 443 2604 haud
473 2560 603 2605 dubie
639 2571 890 2622 corruptum
925 2573 988 2608 est
1017 2566 1166 2618 σῆμα,
1201 2565 1318 2625 qnod
1347 2567 1502 2612 Iacob-

37 2641 121 2684 sius
159 2642 353 2686 mutabat
386 2642 427 2686 in
462 2645 623 2696 κρᾶμα.
690 2643 824 2688 Unice
861 2647 1096 2691 sententiae
1130 2647 1505 2694 accommodatum

39 2720 222 2765 videtur:

274 2803 499 2847 κάλλιστον
531 2810 684 2856 σεμνῆς
716 2805 849 2859 τέρμα
881 2805 1183 2861 mahanaim,

43 2890 89 2925 ut
134 2882 292 2929 diversa
333 2885 491 2944 placita
530 2884 697 2931 scholae
738 2885 979 2933 Socraticae
1012 2899 1054 2934 et
1085 2889 1391 2950 Pythagoricae
1423 2907 1501 2951 per
