1794 3412
648 278 887 318 ...97-

31 405 106 450 dus
149 413 190 448 et
237 406 383 448 tertius
431 402 540 463 apud
592 402 829 445 lacobsium
881 401 1079 460 leguntur
1121 401 1202 444 ita:
1254 399 1485 453 μυρομένοις

28 485 246 540 amau—4
270 486 488 538 Νευτίμοις
516 485 550 527 θ’
576 481 641 532 οἷς.
710 482 879 528 Codex:
913 481 1120 536 μυρομένοι
1149 481 1353 535 κούρω-
1378 487 1486 524 Νευ-

27 566 154 619 τίμας
180 564 246 615 οἷς.
313 565 523 625 Equidem
552 564 829 623 participium
859 562 910 605 ad
941 577 1174 622 pronomen
1205 562 1268 604 ‘rol
1299 562 1490 606 referen-

28 646 129 690 dum
169 646 316 706 putavi
354 654 396 688 et
439 644 674 703 legitimum
713 643 944 686 accusativi
976 644 1160 701 regimen
1193 643 1324 686 verbo
1364 643 1488 697 μύρε-

27 727 118 770 eous
152 725 312 771 addidi.
363 725 628 769 Hermannus
661 722 763 782 quid
797 722 849 766 de
885 723 967 766 hoc
999 723 1189 766 carmine
1216 726 1412 767 statuerit
1446 725 1488 766 in

31 806 256 867 Opusculis
281 806 517 850 diiudicare
541 820 730 863 nequeo,
767 819 898 863 quum
918 820 1064 847 eorum
1086 805 1296 848 volumina
1311 805 1420 848 mihi
1438 804 1488 847 ad

31 903 179 931 manus
205 902 290 930 non
314 887 412 930 sint.
476 885 548 928 Vs.
567 886 592 926 2
623 882 813 937 γραπτός
841 883 893 927 de
914 885 1033 943 picto
1062 885 1304 945 anaglypho
1325 920 1335 938 ‚
1372 895 1419 928 ut
1448 895 1492 930 et

30 970 72 1012 in
91 968 178 1020 lx,
205 970 277 1011 59.
310 965 497 1020 γραπτὸν
520 964 668 1016 τέγος,
704 963 913 1008 intellexit
931 965 1187 1009 Welckerus
1208 966 1317 1024 Syll.
1338 967 1487 1026 Epigr.

29 1065 74 1108 p.
96 1050 200 1098 162,
235 1061 366 1106 quum
390 1060 599 1088 marmora
624 1043 816 1087 colorum
843 1054 994 1087 ornatu
1021 1045 1206 1088 obducta
1229 1046 1358 1090 fuisse
1385 1061 1489 1090 con-

29 1136 125 1172 stet.
190 1125 321 1170 Cuius
361 1124 594 1168 sententiae
625 1125 794 1183 ignarus
826 1124 1018 1177 γλυπτός
1054 1126 1327 1171 scribendum
1355 1136 1489 1187 puta-

29 1223 200 1259 veram,
246 1206 318 1250 sed
360 1205 549 1261 γραπτός
594 1205 647 1248 ab
685 1205 767 1249 hoc
811 1208 990 1266 proprio
1044 1208 1253 1251 vocabulo
1305 1224 1384 1252 usu
1425 1210 1489 1252 vix

30 1290 196 1335 differre
229 1297 465 1332 monstrant
496 1289 577 1347 Ep.
614 1290 656 1330 in
689 1288 804 1347 App.
838 1304 877 1333 c.
905 1291 1009 1334 3560

627 1368 773 1422 πατέρ’
804 1368 994 1412 Εὐτόνιον
1026 1370 1228 1413 τεθνεῶτα

149 1449 354 1498 πολλάκις
387 1451 629 1502 ὑμνήσωμεν
662 1450 731 1492 ἐνὶ
764 1451 960 1501 στήλαισι
993 1451 1241 1506 γραφέντα,

33 1532 105 1575 ubi
139 1532 334 1590 corrige:
370 1531 469 1579 ἐπί,
502 1530 638 1574 Inscr.
672 1529 830 1589 Adesp.
866 1532 920 1576 A.
947 1532 990 1574 Ρ.
1019 1533 1128 1583 Vll,
1165 1534 1268 1576 279.

151 1613 318 1655 Παῦσαι
345 1610 434 1659 νηὸς
461 1610 617 1663 ἐρετμὰ
643 1609 712 1652 καὶ
741 1609 910 1662 ἔμβολα
936 1611 1029 1665 τῷδ’
1054 1611 1121 1654 ἐπὶ
1152 1612 1303 1666 τύμβῳ

271 1692 377 1734 αἰὲν
408 1689 476 1733 ἐπὶ
508 1693 652 1744 ψυχρῇ
685 1690 988 1746 ζωγραφέων
1020 1693 1191 1748 σποδιῇ·

151 1776 330 1823 ναυηγοῦ
357 1771 403 1814 τὸ
429 1777 576 1823 μνῆμα
595 1786 605 1795 ·
638 1771 681 1814 τί
710 1778 784 1822 τῆς
812 1772 867 1814 ἐνὶ
896 1773 1054 1824 κύμασι
1085 1774 1226 1825 λώβης

269 1850 388 1900 αὖτις
419 1853 656 1904 ἀναμνῆσαι
688 1852 757 1895 τὸν
789 1852 904 1895 κατὰ
934 1858 1015 1904 γῆς
1047 1852 1224 1903 ἐθέλειςς
1336 1901 1339 1905 Δ

33 1933 153 1977 Paus.
178 1933 218 1976 ll
237 1964 251 1985 ,
281 1935 323 1977 7.
352 1935 393 1977 4.
441 1932 490 1975 In
517 1932 793 1991 inscriptione
819 1933 973 1975 incerti
1000 1942 1154 1991 poetae
1172 1967 1182 1984 ‚
1220 1933 1332 1976 haud
1363 1933 1493 1979 dubie

32 2022 125 2073 post
151 2013 411 2071 Meleagrum
450 2012 607 2071 scripta
631 2044 643 2063 ‚
673 2011 892 2056 Iacobsius
938 2028 1017 2072 pro
1060 2013 1147 2056 αἰέν
1177 2015 1362 2058 coniecit
1400 2018 1496 2060 αἰαῖ

32 2110 93 2139 τε.
123 2096 167 2138 2.
229 2094 445 2136 Praestare
478 2092 672 2136 videtur:

270 2171 300 2216 ἆ
326 2173 407 2224 ξέν’
435 2173 501 2216 ἐπὶ
530 2178 674 2227 ψυχρῇ
703 2173 954 2228 ζωγραφέων
982 2175 1140 2229 σποδιῇ.

36 2253 157 2311 Quod
196 2255 240 2297 in
282 2253 422 2312 lapide
466 2254 673 2311 scriptum
712 2261 829 2296 erat:
866 2260 1034 2303 AIEN,
1071 2270 1156 2312 quo
1198 2256 1311 2299 facto
1356 2258 1492 2302 forma

34 2336 257 2378 literarum
287 2339 315 2378 Ξ
345 2342 386 2376 et
414 2340 431 2375 1
465 2334 526 2376 vix
556 2333 769 2376 tantillum
812 2333 970 2378 differt.
1037 2335 1223 2379 Verbum
1257 2337 1492 2394 ζωγραφεῖν

35 2415 118 2458 hoc
156 2415 251 2459 loco
296 2415 530 2473 significat:
584 2415 687 2457 remi
736 2423 778 2457 et
823 2417 948 2458 rostri
981 2416 1160 2473 effigiem
1200 2418 1241 2461 in
1285 2435 1494 2465 marmore

37 2495 292 2554 insculpere.
327 2499 360 2550 ¹)
426 2494 582 2538 Confer
613 2496 741 2538 Hom.
777 2493 857 2539 Od.
898 2495 954 2538 xl
978 2529 989 2547 ,
1027 2500 1097 2540 74.

32 2631 359 2640 ——--—-⁷—,..

84 2706 114 2750 ¹)
148 2706 194 2740 Ut
218 2705 273 2753 pio
300 2716 394 2739 more
420 2704 539 2738 Graeci
565 2703 615 2738 ori
642 2710 862 2741 mortuorum
896 2705 1036 2742 obolum
1062 2707 1181 2742 indere
1208 2707 1366 2743 solebant
1391 2711 1497 2756 porti-

38 2774 103 2807 tori
129 2773 331 2809 solvendum
348 2799 357 2817 ‚
396 2773 457 2822 qui
483 2772 614 2807 animos
639 2775 782 2822 Stygem
811 2775 1075 2821 transvehebant,
1104 2783 1138 2812 et
1170 2776 1278 2812 simul
1310 2790 1394 2813 cum
1418 2780 1498 2828 ipsis

41 2843 182 2878 mortuis
206 2841 428 2878 dilectissima
464 2854 621 2893 quaeque
658 2842 744 2878 dum
783 2844 820 2879 in
852 2844 936 2880 vivis
962 2852 1060 2882 erant
1086 2852 1148 2881 aut
1181 2858 1262 2895 rogo
1298 2848 1498 2885 cremabant

39 2917 101 2947 aut
125 2911 263 2949 tumulo
287 2911 497 2957 condebant,
511 2934 557 2940 -
574 2912 616 2948 de
641 2925 710 2961 quo
734 2913 886 2952 conferas
904 2915 995 2953 Plut.
1022 2929 1088 2953 non
1118 2929 1212 2965 posse
1231 2929 1326 2954 suav.
1353 2918 1420 2955 vivi
1434 2932 1496 2957 sec.

1165 2988 1191 3029 7
