1794 3412
655 262 924 302 -125—

53 386 129 431 ὅσοι
169 388 208 429 ἐν
250 388 384 442 ὀπώρᾳ
428 385 591 442 πέφυκε
624 387 829 438 γενέσθαι.
909 386 1105 430 Priorum
1150 385 1278 444 igitur
1319 398 1515 428 versuum

53 482 194 512 sensus
223 475 316 511 est:
356 469 497 512 Arista
527 483 637 527 quae
666 483 734 512 me
764 469 924 514 Dianae
950 466 1166 511 dedicavit
1198 465 1329 509 nullis
1356 466 1399 509 in
1427 465 1516 508 basi

0 545 4 609 l
53 549 268 609 inscriptis
300 550 490 592 versibus
511 583 522 601 ‚
569 549 756 593 tabulam
793 549 974 592 votivam
1008 563 1108 592 eum
1141 548 1420 608 inscriptione
1451 548 1517 591 in-

0 615 3 667 s
51 630 134 674 cisa
178 639 277 674 ante
320 630 435 673 basin
468 630 670 674 collocari
709 631 861 682 iussit,
907 630 941 672 si
969 629 1064 689 quis
1097 629 1207 672 scire
1238 629 1360 688 cupit
1386 643 1517 689 quae-

0 747 1 750 ,
52 726 148 754 nam
191 726 259 755 me
304 710 407 755 deae
448 711 730 754 sacraverit.''
807 708 1011 753 Conferas
1051 710 1232 754 Pausan.
1259 709 1328 760 V,
1364 711 1438 754 25.
1472 711 1517 754 2.

50 790 138 836 ἔστι
170 791 212 835 δὲ
248 792 323 846 πρὸ
360 795 439 835 τῶν
470 792 600 835 ποδῶν
625 794 698 835 τοῦ
736 791 897 845 Ὁρκίου
933 790 1122 834 πινάκιον
1161 792 1381 844 χαλκοῦν,
1426 791 1517 837 ἐπι-

47 872 292 926 γέγραπται
325 871 367 914 δὲ
399 872 574 923 ἐλεγεῖα
604 871 672 914 ἐπ’
708 872 854 914 αὐτοῦ.
922 871 1027 915 Leni
1068 878 1213 918 autem
1257 885 1383 914 manu
1427 869 1518 930 ipsa

48 955 240 1012 poetriae
272 952 395 995 verba
428 950 613 994 sananda
642 960 769 994 sunt·

167 1031 320 1081 Παῖδες
338 1065 352 1081 ,
384 1030 548 1087 ἄφωνος
579 1032 677 1074 ἐοῖσ’
709 1030 816 1086 ἅπερ
839 1028 989 1074 ἕννέἧω
1016 1030 1065 1074 αἴ
1092 1047 1157 1080 τις
1189 1031 1359 1085 ἔρηται,

285 1111 430 1167 φωνὰν
462 1110 695 1166 ἀκαμάταν
726 1112 964 1165 κατ-θεμένα
988 1112 1064 1167 πρὸ
1095 1111 1224 1155 ποδῶν

165 1193 342 1236 Αἶθοπίεε
372 1209 427 1245 με
456 1192 554 1248 κόρᾳ
583 1196 751 1242 Λατοῦς
782 1193 975 1243 ἀνέθηκεν
1006 1193 1196 1248 Ἀρίστα.

50 1272 278 1332 Inscriptio
322 1272 429 1316 haec
472 1273 642 1316 tabulae
689 1274 855 1316 votivae
905 1273 1067 1317 dicitur
1110 1273 1233 1329 φωνὰ
1285 1272 1514 1326 ducenda-oc.

50 1353 123 1398 Vs.
155 1356 196 1398 1.
244 1368 359 1398 nune
405 1353 626 1398 emendavi
665 1352 774 1409 ἅπερ
800 1354 965 1398 ἐννέπω.
1031 1352 1148 1398 Olim
1177 1353 1345 1396 minore
1374 1362 1516 1397 muta-

49 1435 163 1478 tione
190 1435 312 1478 litera
345 1440 384 1478 T
417 1436 460 1479 in
492 1435 703 1495 digamma
741 1435 952 1479 aeolicum
985 1450 1223 1485 converso,
1258 1434 1374 1495 quod
1417 1450 1515 1478 sae-

48 1515 219 1573 pissime
244 1515 404 1558 factum
435 1531 477 1559 v.
513 1514 694 1559 Ahrens.
731 1515 840 1560 nial.
878 1515 1002 1561 Aeol.
1034 1532 1080 1575 p.
1107 1519 1182 1561 31.
1215 1517 1511 1559 conieceram:

42 1592 123 1638 ἅτε
163 1593 348 1638 Εεννὲπω
387 1594 436 1638 αἴ
464 1611 527 1644 τις
567 1594 722 1649 ἔρηται.
787 1595 872 1640 Sed
910 1596 1039 1639 verbo
1081 1596 1260 1641 ἐννέπειν
1301 1596 1516 1656 digamma

45 1674 201 1718 addere
227 1690 342 1718 nunc
370 1690 454 1719 non
481 1675 632 1720 ausim.
698 1675 985 1720 Plurimarum
1010 1677 1351 1720 coniecturarum
1371 1711 1382 1729 ‚
1417 1677 1516 1736 qui-

47 1755 124 1798 bus
166 1755 398 1800 secundum
437 1764 754 1816 pentametrum
796 1758 1022 1801 restituere
1063 1766 1283 1808 tentarunt
1321 1757 1514 1812 eruditi,

46 1836 206 1895 optima
238 1837 328 1881 sine
357 1835 490 1880 dubio
521 1852 649 1895 quam
680 1837 863 1897 protulit
896 1838 1167 1883 Meinekius:

280 1917 311 1959 εἰ
338 1918 611 1972 Ἑρμοκλεΐδαι
642 1921 698 1962 τῶ
730 1916 1000 1963 Σαιῢλαῖοέδαε.
1353 1980 1357 1981 ⁷

0 2026 10 2045 ,ι
44 1997 254 2056 Equidem
287 2013 413 2053 unam
445 1998 614 2042 literam
642 2015 672 2041 οι
708 1999 902 2043 traiicere
934 2000 1079 2043 malim
1113 1999 1193 2044 hac
1228 2001 1391 2044 ratione

278 2078 307 2120 οἱ
330 2079 605 2132 Ἑρμοκλείτω
638 2083 693 2122 τῶ
727 2079 987 2130 Σαϋνηῖοὶδα.

46 2158 166 2214 Quod
206 2160 548 2217 patronymicum
595 2160 850 2203 Hermocliti
888 2177 910 2203 a
940 2162 1076 2220 patris
1111 2163 1283 2206 nomine
1325 2162 1511 2212 Σκυνεύς

44 2247 218 2297 repeto:
266 2238 514 2282 Σοιϋνοιϊάδοι
562 2241 747 2283 correxit
785 2240 948 2284 Keilius
990 2241 1117 2289 Anal.
1150 2243 1278 2302 Epig.
1327 2259 1372 2302 p.
1409 2245 1511 2289 118.

43 2335 128 2362 non
178 2319 448 2379 improbante
483 2319 696 2364 Ahrensio
736 2320 849 2365 Dial.
885 2320 989 2365 Dor.
1034 2338 1079 2381 p.
1112 2324 1198 2366 506
1231 2339 1296 2383 sq.
1333 2324 1407 2382 qui
1433 2339 1512 2367 no-

42 2402 153 2444 mina
186 2401 385 2444 Boeotica
430 2401 669 2454 Σοιύμειλος
699 2410 741 2446 et
772 2402 1032 2458 Σαυκροὶτεις
1072 2413 1309 2464 comparat.
1378 2404 1451 2450 Vs.
1483 2410 1510 2450 5

41 2483 234 2541 ineptum
262 2490 355 2527 est:
389 2480 421 2539 ᾇ
446 2482 498 2526 σὺ
524 2487 734 2538 χαρεῖσαι,
770 2498 903 2542 quum
932 2483 1189 2527 femininum
1213 2483 1265 2527 ad
1289 2485 1474 2530 Aristam
1497 2521 1509 2539 ,

40 2577 124 2606 non
160 2562 212 2605 ad
242 2562 466 2607 donarium
491 2562 766 2607 referendum
789 2565 859 2608 sit.
925 2564 1132 2625 Corrige:
1165 2562 1194 2620 ᾧ
1223 2565 1274 2610 σὺ
1305 2572 1505 2622 χαρεῖσαι.

40 2644 227 2688 Verbum
255 2650 437 2699 χαρῆναι
470 2643 524 2688 de
555 2644 637 2688 diis
673 2644 837 2688 dictum
867 2646 943 2705 qui
982 2647 1175 2690 victimas
1213 2647 1277 2690 vel
1307 2647 1418 2691 dona
1444 2649 1509 2692 lu·

42 2725 186 2768 bentes
219 2725 438 2784 accipiunt
477 2733 552 2774 aut
588 2725 848 2769 donantibus
888 2728 1068 2787 propitii
1112 2736 1243 2780 sunt,
1278 2728 1507 2773 illustravit

43 2805 254 2849 Bentleius
288 2805 338 2848 ad
372 2805 480 2850 Call.
515 2805 569 2851 fr.
600 2808 702 2850 417.
737 2823 781 2865 p.
805 2809 908 2852 302.
940 2807 1008 2851 ed.
1035 2807 1198 2853 Blomf.
1263 2808 1382 2853 Idem
1407 2810 1508 2854 red·

40 2885 219 2931 dandum
248 2896 398 2947 poetae
427 2888 502 2947 qui
534 2886 716 2947 Syringa
750 2889 922 2947 scripsit
959 2889 1011 2934 A.
1044 2890 1094 2935 P.
1126 2891 1220 2934 XV.
1255 2905 1292 2935 c.
1320 2893 1394 2937 21.
1434 2894 1502 2937 16.
