1794 3412
654 273 891 314 *61*

45 406 88 442 et
108 396 355 442 Aristoteles
382 396 510 441 Polit.
529 397 656 450 VIII,
692 403 733 442 5.
767 398 886 447 δῆλον
917 396 984 439 δια
1008 400 1085 439 τῶν
1104 394 1325 448 Ὀλύμπου
1341 399 1478 447 μελῶν
1496 406 1505 419 ⁶

43 481 183 523 ταῦτα
219 477 302 531 γὰρ
333 477 668 530 ὁμολογουμένως
699 466 811 522 ποιοῖ
841 478 921 526 τὰς
952 477 1103 531 ψυχας
1144 474 1474 524 ἐνθουσιαστικάς
1493 508 1504 524 ,

47 567 193 620 putem
234 567 373 602 tamen
405 558 582 618 Olympi
611 558 758 602 modos
795 559 980 602 musicos
1010 558 1142 618 magis
1182 558 1309 602 fuisse
1352 555 1509 616 rhyth-

50 641 158 684 mica
186 639 312 684 verba
346 654 473 699 quam
514 641 720 685 carmina.
782 639 848 683 Ita
880 638 1188 697 Aristophanes
1226 639 1339 698 qu.
1373 653 1436 684 vs.
1464 640 1508 683 8.

641 722 752 776 δεῦρο
778 725 847 764 νῦν
878 721 1063 776 πρὸςελθ’
1093 719 1160 765 ἵνα

163 801 367 857 ξυναυλία
396 802 644 854 κλαύσωμεν
674 803 907 854 Οὐλύμπου
933 802 1053 854 νόμον
1070 835 1083 851 ,

49 896 173 941 quern
203 882 508 926 Demosthenes
537 892 579 926 et
609 882 752 925 Nicias
780 883 837 924 ita
866 883 1130 925 concinunt:

164 963 223 1012 μὺ
249 966 309 1013 μῦ
335 963 395 1014 μὺ
420 966 479 1014 μῦ
505 963 567 1014 ιιὺ
592 966 652 1014 μῦ
679 963 738 1013 ab
765 965 827 1014 μῦ
853 962 913 1014 μὺ
940 965 1001 1014 μῦ
1027 961 1087 1013 μῦ
1113 964 1205 1013 μῦ,

46 1051 90 1085 et
126 1041 276 1085 Semus
314 1042 462 1086 Delius
497 1042 609 1102 apud
655 1042 816 1088 Athen.
847 1040 976 1094 XIV,
1012 1043 1099 1086 618
1131 1042 1186 1087 A.
1229 1041 1506 1094 ἀγνοουμένης

45 1122 85 1165 δὲ
115 1123 232 1176 παρὰ
261 1129 432 1172 πολλοῖς
468 1130 543 1174 τῆς
575 1123 801 1174 ξυναυλίας
844 1123 1011 1167 λεκτέον
1032 1137 1042 1148 ·
1077 1122 1122 1174 ἦν
1152 1139 1216 1172 τις
1254 1124 1369 1174 ἀγὼν
1401 1140 1507 1175 συμὦ

42 1204 199 1257 φωνίας
225 1204 448 1256 ἀμοιβαῖος
476 1206 605 1247 αὐλοῦ
634 1205 704 1247 καὶ
736 1205 884 1258 ῥυθμοῦ
911 1204 1038 1258 χωρὶς
1070 1203 1197 1255 λόγου
1228 1206 1301 1247 τοῦ
1332 1218 1507 1257 προςμε·

43 1283 272 1337 λῳδοῦντος.
338 1285 476 1344 Ipsius
516 1285 647 1345 igitur
689 1285 884 1328 vocabuli
918 1285 1093 1337 ἔλεγος,
1134 1285 1258 1327 cuius
1299 1285 1505 1343 originem

45 1364 264 1423 orLydia
306 1366 508 1426 repetivit
554 1365 829 1419 Boeckhius,
869 1366 988 1409 nulla
1032 1374 1173 1425 potest
1214 1381 1312 1409 curn
1361 1365 1506 1424 aliqua

44 1444 357 1503 probabilitatis
390 1447 530 1506 specie
568 1447 811 1506 investigari
835 1447 1095 1505 etymologia
1113 1479 1124 1498 ‚
1157 1446 1285 1506 plane
1309 1455 1359 1490 ut
1384 1447 1506 1490 simi-

46 1524 151 1567 lium
177 1524 358 1577 ἴαμβος,
392 1527 617 1580 θρίαμβος,
651 1527 917 1581 διθύραμβος.
983 1526 1067 1570 Sed
1097 1527 1406 1571 Grammaticos
1430 1527 1506 1586 qui

46 1603 160 1663 apud
187 1614 334 1663 poetas
358 1607 525 1649 Atticos
555 1615 597 1650 et
629 1608 859 1666 scriptores
889 1607 942 1650 de
967 1607 1153 1660 Historia
1180 1608 1367 1651 musicae
1390 1607 1507 1651 locos

43 1685 317 1737 invenerant,
347 1686 420 1729 ubi
443 1686 589 1738 ἔλεγος
615 1687 668 1731 de
693 1697 821 1730 cantu
846 1687 982 1730 flebili
997 1685 1218 1730 dicebatur
1245 1696 1286 1731 et
1303 1686 1476 1747 lugubri
1493 1721 1504 1739 ,

43 1764 224 1809 eundem
258 1781 444 1810 errorem
477 1782 635 1811 errasse
674 1775 781 1826 puto
823 1783 951 1826 quem
987 1766 1245 1810 Scholiastes
1283 1767 1507 1826 Apollonii

42 1844 95 1888 ad
125 1845 169 1888 II
186 1877 197 1897 ,
232 1847 336 1892 872.
399 1846 466 1891 Ad
493 1856 645 1906 poetae
670 1848 784 1891 enim
815 1847 967 1890 verba:
999 1845 1136 1890 ὅντινα
1160 1848 1262 1896 λαὸς
1289 1848 1506 1898 οἰκτίστοις

42 1926 243 1977 ἐλέγοισιν
268 1927 452 1981 ὀδύρεται
477 1927 585 1978 ἐξέτι
610 1929 766 1977 κείνου,
803 1936 1053 1971 annotatum
1084 1928 1279 1971 invenio:
1309 1934 1394 1977 τοῖς
1419 1929 1505 1984 γὰρ

41 2006 238 2058 ἐλεγείοις
276 2007 318 2048 ἐν
349 2012 434 2056 τοῖς
465 2008 703 2063 ἐπιταφίοις
744 2010 920 2062 ἐχρῶντο
952 2009 987 2051 οἱ
1014 2009 1204 2052 παλαιοί.
1271 2009 1506 2069 Apollonio

41 2094 138 2128 sunt
176 2086 311 2137 ἔλεγοι
343 2086 537 2146 planctus
568 2103 694 2146 quem
737 2093 896 2142 Βῶρμον
933 2088 1041 2132 dixit
1084 2088 1329 2148 Nymphis,
1364 2089 1504 2134 Scho-

46 2166 191 2208 liastae
229 2167 400 2217 ἑλεγεῒα
442 2168 629 2211 carmina
670 2168 888 2226 elegiaca,
924 2183 1032 2227 quae
1074 2168 1281 2212 deflendis
1324 2172 1504 2215 mortuis

46 2247 279 2304 antiquitus
324 2246 453 2289 scribi
493 2247 627 2290 solere
670 2248 780 2291 male
816 2265 865 2292 ex
917 2249 1140 2308 Apollonii
1182 2250 1277 2294 loco
1322 2252 1500 2297 effinxit.

43 2327 192 2386 Neque
222 2327 335 2369 enim
380 2334 527 2384 putem
571 2325 837 2372 Scholiasten
871 2328 1163 2374 doctissimum
1205 2331 1504 2390 inscriptiones

43 2407 298 2466 sepulcrales
316 2407 554 2451 intellectas
570 2408 749 2452 voluisse
766 2418 808 2452 et
826 2410 1084 2468 significasse
1102 2411 1273 2455 nomine
1285 2413 1498 2464 ἐλεγείοις.

46 2486 197 2530 Modus
226 2487 417 2547 lugubris
448 2496 594 2531 cantus
622 2488 672 2531 ad
706 2488 926 2534 tibicinem
962 2492 1046 2535 sive
1082 2507 1258 2551 peregre
1299 2492 1502 2538 advectus

41 2567 128 2610 sive
160 2568 420 2612 Graecorum
451 2569 749 2628 indigenarum
777 2586 892 2615 more
926 2573 1104 2616 usitatus
1131 2572 1270 2616 dictus
1298 2573 1382 2619 fuit
1409 2573 1500 2618 ἔλε-

41 2663 132 2699 γος.
197 2649 258 2692 Ex
295 2665 381 2708 quo
417 2658 560 2694 utrum
597 2652 767 2694 fluxerit
797 2652 979 2704 ἐλεγεῖον
1011 2654 1256 2706 incertum;
1292 2654 1375 2699 hoc
1407 2672 1500 2700 cer·

43 2733 159 2780 tum,
193 2729 368 2772 carmini
397 2730 612 2788 elegiaco,
646 2747 694 2774 ex
731 2746 817 2790 quo
841 2742 937 2792 post
964 2735 1083 2794 epica
1111 2743 1154 2779 et
1193 2734 1367 2779 heroica
1406 2752 1501 2780 car-

45 2808 156 2851 mina
181 2825 256 2868 per
284 2826 326 2854 se
356 2812 578 2864 constitit,
613 2813 840 2856 maximam
870 2828 965 2858 cum
994 2817 1117 2875 epico
1146 2817 1334 2861 carmine
1371 2817 1499 2863 fuisse

46 2887 286 2934 affinitatem
330 2894 599 2950 argumenti,
652 2894 727 2936 nisi
775 2894 886 2951 quod
932 2898 1070 2940 omnia
1114 2913 1161 2941 ex
1206 2913 1277 2942 sua
1321 2914 1497 2959 persona
