1794 3412
667 269 907 309 „91-

67 397 255 455 Augusto
299 396 453 438 eversis
491 401 534 438 et
567 391 869 438 Chaeremonis
915 406 1041 450 opera
1085 389 1255 434 refectis
1300 387 1413 432 flist.
1449 387 1522 436 11,

67 479 136 522 18.
180 492 225 536 p.
257 478 356 520 102.
393 480 434 519 5.
480 478 621 519 ταῦτα
662 474 703 517 δὲ
735 471 836 517 οὕτω
874 471 1162 525 ξυνενεχθῆναι
1194 469 1313 520 δηλοῖ
1339 468 1416 521 μέν
1447 483 1525 511 που

62 557 132 601 καὶ
151 559 175 608 ἦ
191 555 362 610 πάτριος
375 559 446 599 τοῦ
473 554 621 603 ἄστεος
648 554 828 608 ἱστορίαι,
863 554 944 607 οὐχ
961 552 1112 605 ἥκιστα
1128 551 1169 595 δὲ
1185 549 1494 605 τούπίγραμμα
1511 582 1524 598 ,

62 635 180 692 ὅπερ
207 636 373 690 ἔγωγε
401 635 567 679 ἐκεῖσε
599 635 748 678 ἐλθὼν
774 632 1102 687 άνελεξάμην
1123 657 1185 666 -—·
1207 629 1526 686 ἐγκεχάρακται

62 718 104 762 δὲ
120 717 180 762 ἔτι
204 719 251 764 τὸ
279 719 461 770 ἐλεγεῖον
482 718 539 771 τῷ
564 716 694 771 βωμῷ
724 714 797 760 ὦδέ
821 732 906 765 πως
933 714 1061 770 ἔχον,
1096 730 1140 762 v,
1164 718 1279 774 App.
1314 714 1397 773 Ep.
1422 714 1526 757 222.

64 808 108 843 et
137 800 212 853 ΙΙ,
249 802 319 844 10.
363 815 408 859 p.
436 801 510 843 87.
547 800 616 842 10.
661 795 770 849 ἐμοὶ
803 795 853 840 δέ
883 812 962 845 τις
1003 800 1101 840 τῶν·
1127 794 1410 850 ἐπιχωρίων
1441 793 1526 838 καὶ

64 878 298 933 ἐλεγεῖόν
329 893 377 922 τι
409 877 506 932 ἔφη
537 877 586 926 ἐς
618 875 797 930 κύρβιν
833 875 948 920 τινα
979 875 1174 925 λιθίνην
1206 874 1301 919 ὑπό
1329 891 1416 919 του
1447 889 1528 927 γε·

61 959 290 1015 γράφθαι
320 959 438 1013 ἀμφὶ
466 957 546 1006 τὰς
574 956 706 1010 ὄχθας
732 959 805 1001 τοῦ
832 959 1026 1009 ποταμοῦ
1057 955 1271 1011 ἱδρυμένην
1288 990 1300 1006 ,
1334 955 1408 1000 ὧδέ
1441 972 1529 1004 πως

62 1040 187 1095 ἔχον,
235 1042 350 1100 App.
399 1041 480 1099 Ep.
510 1041 614 1083 312.
679 1038 757 1083 His
802 1037 1001 1081 omnibus
1048 1037 1313 1097 adscriptum
1354 1045 1461 1097 puto
1506 1053 1528 1080 a

63 1121 276 1181 Meleagro
297 1154 308 1174 ‚
343 1120 455 1180 quod
487 1121 537 1163 ad
580 1118 800 1164 Theocriti
837 1120 1098 1179 epigramma
1124 1119 1214 1168 IX,
1251 1121 1354 1163 435.
1389 1120 1431 1162 in
1457 1134 1531 1162 co-

65 1201 168 1246 dicis
209 1203 400 1260 margine
433 1201 682 1245 adnotatum
715 1201 902 1259 legitur:
947 1204 1090 1244 ταῦτα
1115 1199 1173 1243 τοὶ
1215 1199 1530 1254 ἐπιγράμματα

65 1284 106 1327 ἐν
137 1283 417 1339 Συρακούσαις
440 1281 703 1337 ἐγράφησαν.
752 1282 918 1326 Horum
950 1297 1083 1326 unum
1111 1297 1324 1341 apponam
1357 1296 1397 1326 c.
1427 1283 1529 1326 436.

185 1366 374 1420 Ἀρχαῖα
402 1363 670 1413 τῶπόλλωνος
700 1363 985 1416 τάναθήματα
1015 1366 1158 1406 ταῦτα

303 1446 514 1500 ὑπῆρχεν·
546 1447 571 1496 ἦ
596 1444 727 1498 βάσις
759 1445 801 1487 δὲ
828 1449 912 1493 τοῖς
941 1445 1018 1497 μὲν
1049 1443 1176 1488 εἴκοσι

304 1531 390 1575 τοῖς
421 1525 455 1569 δ’
482 1525 594 1569 ἑπτὰ
607 1558 620 1575 ,
652 1528 738 1574 τοῖς
765 1524 808 1569 δὲ
836 1525 985 1575 πέντε,
1019 1530 1105 1575 τοῖς
1135 1525 1179 1568 δὲ
1205 1524 1361 1569 δώδεκα
1377 1557 1390 1574 ,

185 1610 270 1655 τοῖς
296 1605 338 1649 δὲ
369 1605 599 1656 διηκοσίοισι
624 1604 794 1660 νεωτέρη
822 1604 881 1657 ἥδ’
907 1605 1106 1654 ἐνιαυτοῖς
1124 1619 1134 1629 ·

306 1686 496 1736 τοσσόςδε
526 1686 611 1742 γάρ
643 1702 701 1733 νιν
731 1685 858 1739 ἐξέβη
889 1685 1161 1740 μετρούμενος
1167 1718 1299 1729 .....

67 1768 116 1813 In
135 1768 257 1811 cuius
281 1767 365 1812 fine
392 1767 515 1812 deest
544 1768 651 1811 unu's
670 1780 815 1811 versus
834 1798 847 1820 ‚
881 1766 924 1810 in
953 1781 1039 1826 quo
1060 1765 1206 1821 χρόνος
1231 1766 1390 1811 lectum
1421 1765 1527 1818 suit,

66 1864 153 1908 quo
170 1850 379 1893 sententia
406 1848 597 1892 absoluta
630 1856 738 1894 erat.
771 1847 1018 1907 mquidem
1042 1862 1186 1891 versus
1213 1847 1446 1899 iambicus,
1483 1858 1530 1890 ut

67 1930 110 1972 in
139 1929 446 1988 epigrammate
478 1929 531 1974 A.
548 1929 596 1973 P.
617 1928 699 1972 VII
718 1959 731 1980 ,
764 1930 854 1971 664
886 1927 1074 1986 singulos
1103 1943 1245 1972 versus
1261 1927 1529 1986 logaoedicos

65 2009 281 2070 excipiunt
309 2009 399 2053 bini
427 2010 583 2053 senarii
621 2009 795 2052 iambici
830 2007 1092 2053 catalectici.
1154 2008 1213 2055 Ut
1245 2023 1295 2052 ex
1321 2008 1528 2068 Crinago-

66 2106 136 2135 rae
167 2092 471 2151 epigrammate
500 2091 553 2139 A.
574 2091 628 2136 P.
657 2090 716 2134 lx
741 2123 751 2142 ‚
785 2092 891 2134 239.
924 2089 1000 2132 ubi
1027 2088 1113 2132 duo
1139 2088 1322 2133 disticha
1342 2090 1528 2150 elegiaca

66 2172 255 2215 seiuncta
283 2180 381 2215 sunt
410 2171 579 2215 duobus
618 2171 808 2214 versibus
854 2170 1050 2213 iambicis
1088 2171 1324 2215 interiectis
1365 2171 1529 2216 intelli-

69 2252 185 2310 gitur
212 2252 254 2294 in
297 2252 382 2294 fine
412 2251 607 2294 mutilam
637 2265 725 2294 esse
758 2251 1082 2310 inscriptionem
1121 2251 1352 2296 Simonidis
1397 2254 1449 2299 A.
1479 2254 1526 2298 P.

70 2332 201 2383 XIII,
239 2335 309 2376 14.

190 2414 374 2467 Ἀργεῖος
407 2410 570 2460 Δάνδης
602 2409 888 2465 σταδιοδρόμος
918 2410 1059 2456 ἐνθάδε
1091 2416 1227 2457 κεῖται

311 2492 440 2540 νίκαις
472 2489 701 2543 ἱππόβοτον
732 2491 895 2546 πατρίδ’
925 2491 1202 2542 ἐπευκλεΐσας
1220 2525 1232 2542 ,

401 2572 623 2628 Ὀλυμπία
652 2572 713 2621 δὶς
740 2573 782 2615 ἐν
808 2572 849 2616 δὲ
876 2574 1028 2618 Πυθῶνι
1055 2574 1172 2629 τρία,

400 2653 478 2696 δύω
505 2653 541 2696 δ’
566 2653 608 2697 ἐν
637 2654 810 2708 Ἰσθμῷ,
844 2656 1144 2702 πεντεκαίδεκα
1174 2656 1348 2712 Νεμέα·

188 2736 266 2784 τοὶς
290 2737 323 2779 δ’
350 2734 491 2783 ἄλλας
520 2735 633 2784 νίκας
664 2736 738 2777 οὐκ
769 2735 942 2790 εὐμαρές
971 2737 1057 2780 ἐστ’
1082 2739 1321 2792 ἀριθμῆσαι.
1345 2771 1354 2781 .
1376 2772 1384 2780 .
1408 2772 1417 2780 .

73 2816 343 2860 Desideratur
375 2820 489 2860 enim
533 2824 797 2875 pentameter
839 2817 1041 2869 ultimus,
1089 2835 1176 2879 quo
1224 2821 1304 2863 viri
1347 2829 1527 2867 aetatem

42 2899 286 2962 -pa‘trisque
323 2914 475 2942 nomen
508 2899 746 2942 enuntiasse
780 2907 949 2957 poetam
990 2902 1245 2948 verosimile.
1311 2901 1528 2946 Theocriti
