1794 3412
952 289 1185 328 —28—

342 406 392 450 ad
425 405 603 452 Eadem.
625 407 668 455 1,
707 410 745 450 l.
783 409 821 451 1.
883 410 931 448 ‘O
957 408 1031 458 μὲν
1058 409 1098 450 ἐν
1126 408 1247 460 Δήλῳ
1278 408 1391 461 παρα
1415 410 1469 463 τῷ
1497 410 1566 463 θεῷ
1598 410 1669 458 τὴν
1695 411 1769 454 αὑ-

340 489 410 530 τοῦ
437 486 600 538 γνώμην
625 484 942 539 ἀποφηνάμενος
975 485 1212 538 ἐπέγραψεν
1243 485 1308 527 ἐπὶ
1346 488 1392 529 τὸ
1417 489 1663 546 προπύλαιον
1698 492 1767 531 τοῦ

340 563 505 618 Λητῴου
530 563 702 613 ποιήσας
719 576 730 587 ·
760 590 766 599 -

456 642 678 684 κάλλιστον
707 642 753 684 τὸ
784 641 1062 690 δικαιότατον,
1095 643 1248 696 λῷστον
1270 643 1306 686 δ’
1333 644 1551 695 ὑγιαίνειν·

574 719 737 764 πάντων
768 721 804 763 δ’
835 721 1012 772 ἥδιστον,
1047 723 1117 764 τοῦ
1149 738 1211 770 τις
1243 723 1313 778 ε’ρᾷ
1343 724 1390 766 τὸ
1420 730 1580 777 τυχεῖν.

340 797 462 856 Quod
487 800 534 842 τὸ
562 799 768 849 Δηλιακὸν
800 799 1051 853 ἐπίγραμμα
1081 798 1236 842 dicitur
1265 799 1317 842 ad
1345 799 1513 847 Nicom.
1537 802 1558 845 I
1575 834 1586 852 ,
1621 803 1663 847 8.
1699 805 1767 848 14.

339 877 412 920 ubi
439 893 577 921 versus
608 879 745 921 minor
774 879 831 921 ita
861 878 1042 935 legitur:
1075 878 1232 928 ἥδιστον
1262 877 1302 920 δὲ
1329 878 1491 933 πέφυχ’
1522 877 1567 923 οὗ
1588 896 1649 928 τις
1681 882 1764 924 κτὲ.

340 957 399 1001 Ex
428 955 615 1014 Theogn.
649 972 707 1000 vs,
735 959 820 999 256
848 955 1169 1014 corrigendum:

514 1033 677 1077 πάντων
707 1034 741 1078 δ’
773 1034 928 1086 ἥδιστον
959 1037 1029 1078 τοῦ
1055 1051 1118 1083 τις
1143 1034 1274 1089 ἔραιτο
1300 1041 1457 1090 τυχεῖν.

338 1114 446 1158 Item
477 1113 558 1156 alia
598 1114 815 1172 inscriptio
857 1112 967 1172 apud
1014 1113 1160 1158 Schol.
1202 1114 1305 1159 Eur.
1347 1115 1479 1174 Hipp.
1512 1117 1614 1160 263.
1645 1115 1692 1157 τὸ
1727 1116 1767 1158 δὲ

336 1192 461 1244 μηδὲν
493 1191 607 1244 ἄγαν
647 1194 681 1235 οἱ
726 1193 801 1244 μὲν
839 1193 1004 1235 Χείλωνι
1044 1194 1100 1246 τῷ
1141 1193 1447 1248 Λακεδαιμονίῳ
1481 1194 1766 1243 ἀνατιθέασιν,

336 1273 387 1320 ὥς
429 1272 623 1325 Κριτίας,
669 1272 704 1313 οἱ
741 1271 782 1314 δὲ
822 1270 1033 1324 Σωδάμῳ,
1077 1273 1128 1320 ὥς
1169 1270 1216 1314 τὸ
1256 1272 1297 1314 ἕν
1337 1272 1479 1328 Τεγέᾳ
1520 1273 1769 1326 ἐπίγραμμα

335 1349 475 1399 δηλοῖ·

456 1431 618 1471 ταῦτ’
649 1427 845 1479 ἔλεγεν
877 1428 1070 1480 Σώδαμος
1098 1429 1352 1483 Ἐπηράτου,
1385 1428 1426 1478 ὅς
1451 1433 1499 1482 μ’
1523 1431 1710 1480 ἀνέθηκεν
1727 1446 1737 1455 ·

571 1506 696 1558 μηδὲν
722 1505 835 1557 ἄγαν
851 1521 862 1531 ·
894 1522 977 1548 και
986 1508 1044 1560 ρῷ
1071 1505 1214 1550 πάντα
1239 1507 1429 1560 πρόσεστι
1457 1507 1583 1550 καλαὶ.

338 1586 424 1631 Ubi
456 1600 517 1629 vs.
545 1589 563 1628 l
607 1584 781 1629 malim:
815 1588 954 1628 ταῦτα
984 1584 1131 1636 λέγει,
1166 1599 1297 1644 quum
1333 1585 1444 1630 idem
1481 1588 1556 1645 qui
1591 1594 1768 1631 statuam

336 1664 574 1716 dedicavit,
609 1665 690 1707 hoc
728 1664 874 1707 effatus
910 1664 979 1706 sit.
1045 1664 1225 1708 Videtur
1266 1673 1404 1708 autem
1436 1665 1640 1709 Sodamus
1666 1665 1770 1709 haee

338 1744 599 1802 inscripsisse
632 1751 793 1787 statuae
827 1743 929 1786 deae
959 1743 1145 1787 Nemesis
1166 1776 1178 1796 ,
1211 1759 1252 1790 v.
1286 1743 1417 1790 Anth.
1450 1744 1569 1790 Plan.
1601 1759 1642 1790 c.
1666 1748 1768 1791 223.

338 1826 440 1869 224.
474 1822 527 1867 A.
561 1822 608 1867 Ρ.
634 1822 744 1872 XII,
776 1824 898 1873 193„
931 1821 1044 1866 unde
1071 1823 1276 1866 sententia
1304 1823 1546 1881 flagitante,
1578 1823 1764 1868 scriben-

337 1901 437 1945 dum
468 1917 529 1946 vs.
560 1903 587 1943 2
631 1899 764 1954 μέτρῳ
798 1899 970 1950 πάντα,
1004 1900 1118 1959 quod
1150 1908 1192 1943 et
1225 1901 1312 1959 ipsa
1354 1902 1461 1943 ratio
1492 1902 1768 1960 oppositionis

338 1980 560 2025 verborum
591 1979 716 2031 μηδὲν
746 1977 859 2030 ἄγαν
886 1978 1100 2038 postulare
1124 1979 1304 2025 videtur.
1366 1979 1413 2023 Si
1444 1981 1564 2034 καιρῷ
1589 1996 1765 2031 sanum,

337 2058 441 2102 haec
475 2057 697 2102 simulacro
745 2061 890 2111 Καιροῦ
931 2058 1131 2116 inscripta
1174 2058 1299 2101 fuisse
1339 2058 1621 2118 statuendum.
1683 2060 1765 2103 Sed

338 2145 498 2181 statuae
529 2136 777 2193 inscriptum
804 2151 887 2178 non
911 2136 993 2178 fuit
1018 2137 1099 2195 Ep.
1133 2138 1243 2195 App.
1269 2139 1371 2182 206.

455 2214 498 2265 ἦν
525 2214 843 2266 Λακεδαιμόνιος
871 2214 1024 2256 Χείλων
1051 2216 1201 2269 σοφὸς,
1235 2213 1275 2263 ὃς
1301 2214 1392 2257 τάδ’
1417 2213 1552 2266 ἔλεξεν
1570 2230 1578 2239 ’

571 2293 694 2345 μηδὲν
721 2291 858 2343 ἄγαν·
891 2294 1010 2346 καιρῷ
1034 2292 1175 2336 πάντα
1198 2293 1388 2347 πρόσεστι
1416 2293 1543 2336 καλοὶ.

339 2374 431 2429 Quo
461 2388 559 2416 cave
587 2373 718 2414 utaris
750 2372 800 2414 ad
837 2371 1142 2415 defendendam
1177 2372 1414 2429 vulgatam:
1457 2375 1578 2415 ταῦτ’
1605 2371 1761 2423 ἔλεγεν.

337 2451 432 2494 Non
477 2453 589 2494 enim
633 2450 758 2494 Chilo
798 2452 871 2508 qui
910 2450 1017 2493 hanc
1055 2451 1302 2494 sententiam
1343 2451 1550 2509 protulit,
1590 2451 1762 2494 eandem

339 2531 547 2588 inscripsit
575 2529 687 2588 quod
714 2529 817 2571 fecit
841 2529 1060 2574 Sodamus,
1109 2530 1202 2573 Non
1234 2528 1456 2573 dissimiles
1485 2538 1580 2572 sunt
1610 2530 1764 2570 inscri-

337 2609 501 2668 ptiones
528 2623 630 2666 quas
670 2607 952 2665 Hipparchus.
979 2609 1146 2652 Hermis
1180 2609 1221 2651 in
1261 2609 1402 2652 Attica
1444 2607 1571 2650 incidi
1615 2608 1764 2659 iussit,

337 2687 447 2746 apud
477 2687 584 2732 Plan.
619 2685 856 2744 Hipparch.
886 2688 971 2729 228
1004 2687 1058 2732 D.

456 2772 601 2818 μνῆμα
626 2765 708 2809 τόδ’
735 2765 987 2820 Ἱππάρχου·
1020 2770 1164 2819 στεῖχε
1191 2765 1328 2808 δίκαια
1354 2767 1526 2818 φρονῶν,

341 2853 407 2888 et:
442 2862 487 2896 μ.
515 2863 551 2888 τ.
580 2850 622 2890 Ἱ.
658 2847 716 2896 μὴ
746 2845 866 2899 Φίλαν
892 2843 1099 2896 ἐξαπάτα.
1166 2844 1247 2888 Sed
1272 2843 1477 2901 imprimis
1506 2841 1569 2885 his
1596 2851 1766 2900 praece-
