1794 3412
619 281 888 320 -109—

28 423 145 461 μενος
178 404 206 450 ἃ
247 408 389 458 ἡγεῖτο
430 405 658 459 σοφώτατα
691 403 793 448 εἶναι
812 438 823 453 ,
874 407 1013 447 ταῦτα
1055 404 1178 452 αὐτὸς
1220 401 1399 450 ἐντείνας
1434 402 1490 449 εἷς

27 489 207 540 ε’λεγεῖον
226 521 238 536 ,
279 486 407 530 αὑτοῦ
439 486 658 538 ποιήματα
690 485 759 528 καὶ
793 485 1078 537 ἐπιδείγματα
1109 489 1184 534 τῆς
1216 483 1367 538 σοφίας
1395 483 1490 526 ἐπέ-

27 573 190 624 γραψεν
222 593 280 600 -
305 566 371 610 ἵνα
398 566 611 621 παριόντες
638 565 720 610 ἄνω
754 566 823 609 καὶ
864 565 977 609 κάτω
1006 564 1075 608 καὶ
1108 564 1491 616 ἀναγιγνώσκοντες

27 649 97 693 καὶ
141 652 287 702 γεῦμα
313 646 608 701 λαμβάνοντες
650 649 778 691 αὐτοῦ
809 651 883 696 τῆς
924 646 1076 702 σοφίας
1111 645 1286 701 φοιτῷεν
1328 645 1375 687 ἐκ
1415 647 1494 688 τῶν

27 731 163 784 οέγρῶν
195 728 264 772 καὶ
299 726 366 771 ἐπὶ
399 727 457 771 τά
484 727 614 770 λοιπά
641 726 1016 779 παιδευθησόμενοι.
1049 725 1166 770 ἐστὸν
1193 725 1235 768 δὲ
1266 725 1335 769 δύο
1366 726 1493 768 τῶπι-

27 810 286 865 γράμματε·
335 809 375 852 ἕν
420 809 498 861 μὲν
535 813 621 857 τοῖς
659 809 726 851 ἐπ’
764 808 961 862 άριστεροὶ
1002 810 1074 850 τοῦ
1118 810 1269 861 Ἑρμοῦ
1316 804 1494 850 ἑκάστου

27 891 341 945 ἐπιγέγραπται
376 889 557 941 λέγωνό
590 892 743 942 Ἑρμῆς
781 886 843 931 ἔτι
886 888 928 930 ἐν
959 887 1072 941 μέσῳ
1114 890 1186 931 τοῦ
1228 886 1377 936 ἄστεος
1422 886 1492 930 καὶ

26 973 97 1014 τοῦ
129 970 258 1023 δήμου
287 968 484 1019 ἕστηκεν·
518 969 559 1011 ἕν
591 968 632 1011 δὲ
664 972 749 1016 τοῖς
781 967 849 1010 ἐπὶ
882 965 998 1017 δεξιά

145 1055 294 1102 μνῆμα
320 1048 404 1092 τόδ’
431 1047 668 1103 Ἱππάρχου
684 1063 694 1072 ·
728 1052 878 1101 στεῖχε
901 1047 1043 1091 δίκαια
1068 1050 1246 1102 φρονῶν·

25 1130 182 1186 φησίν·
220 1129 327 1173 ἔστι
364 1129 413 1173 δὲ
454 1133 546 1173 τῶν
584 1127 884 1180 ποιημάτων
919 1128 1002 1171 καὶ
1050 1126 1191 1171 ἄλλα
1229 1127 1278 1170 ἐν
1310 1125 1491 1176 ἄλλοις

25 1214 238 1266 Ἑρμαῖς
269 1210 441 1254 πολλοὶ
479 1210 562 1254 καὶ
601 1210 738 1253 καλοὶ
776 1208 1212 1263 ἐπιγεγραμμένα
1245 1209 1280 1266 ¹)
1330 1207 1417 1252 ἔστι
1451 1209 1492 1252 δὲ

25 1292 72 1342 δὴ
109 1292 178 1335 καὶ
210 1294 329 1335 τοῦτο
362 1290 429 1334 ἐπὶ
462 1297 514 1346 τῇ
543 1296 762 1346 Στειριακῇ
795 1289 894 1344 ὁδῷ,
928 1290 969 1333 ἐν
1001 1286 1030 1344 ᾧ
1061 1288 1209 1341 λέγει·

146 1378 293 1425 μνῆμα
318 1370 402 1416 τόδ’
434 1370 668 1426 Ἱππάρχου
687 1387 698 1397 “
730 1372 789 1423 μὴ
821 1370 945 1426 φίλον
977 1369 1194 1422 ἐξαπάτα.

26 1452 113 1497 Ubi
153 1452 278 1496 verba
321 1453 360 1496 ἕν
391 1452 504 1507 μέσῳ
534 1455 606 1495 τοῦ
633 1451 782 1500 ἄστεος
815 1450 884 1494 καὶ
917 1455 995 1494 τῶν
1023 1451 1160 1504 δήμων
1200 1450 1386 1495 ἑκάστων
1426 1452 1494 1495 in-

27 1533 299 1593 terpretanda
335 1548 363 1574 >›
383 1534 426 1576 in
451 1533 646 1576 confiniis
665 1533 783 1575 urbis
812 1541 856 1575 et
885 1531 1119 1575 tribuum''
1154 1531 1210 1576 cl.
1246 1531 1395 1577 Schol.
1415 1532 1493 1578 Ar.

28 1614 111 1659 Αἵ.
139 1616 241 1657 998.
302 1612 470 1662 Μελίτη
498 1612 583 1667 γαρ
615 1610 732 1655 ἅπαν
759 1612 885 1655 ἐκεῖνο
903 1645 916 1660 ,
950 1613 1001 1660 ὡς
1026 1611 1068 1654 ἐν
1094 1616 1179 1661 τοῖς
1211 1612 1389 1666 ὅρισμοῖς
1420 1613 1495 1665 γέ-

24 1710 215 1749 γραπται
246 1699 321 1744 τῆς
353 1693 526 1742 πόλεως.
592 1693 640 1736 ln
675 1693 748 1736 tali
784 1694 967 1736 termino
997 1692 1199 1751 Aeschyli
1231 1693 1495 1754 epigramma

28 1774 287 1834 insculptum
321 1774 452 1817 fuisse
484 1789 608 1833 supra
642 1789 685 1832 p.
716 1776 770 1815 52
812 1773 994 1817 conieci.
1057 1773 1281 1816 Praeterea
1323 1789 1494 1834 compa-

29 1855 156 1899 tanda
189 1856 410 1915 inscriptio
443 1853 576 1898 Anth.
610 1855 729 1900 Plan.
764 1869 803 1898 c.
835 1856 937 1899 254.

145 1936 261 1990 Ἱερὸν
294 1935 460 1991 Ἑρμείῃ
491 1951 546 1987 με
574 1934 932 1988 παραστείχοντες
965 1933 1120 1987 ἔχευαν

266 2015 461 2071 ἄνθρωποι
489 2016 634 2060 λίθινον
659 2015 804 2070 σωρὸν·
838 2015 856 2057 ὅ
884 2014 918 2058 δ’
949 2016 1042 2058 ἀντ’
1073 2016 1220 2067 ὀλίγης

150 2101 192 2143 οὐ
220 2097 416 2151 μεγάλην
448 2099 588 2146 αὐτοῖς
620 2096 725 2149 ἔγνω
747 2095 873 2151 χάριν
891 2130 902 2146 ,
936 2097 1037 2140 ἀλλ’
1068 2094 1130 2140 ὅτι
1155 2098 1286 2141 λοιποὶ

270 2179 400 2230 Αἰγὸς
429 2178 496 2221 ε’πὶ
525 2179 667 2232 κρήνην
695 2177 807 2220 ἑπτα
838 2177 950 2228 λέγω
978 2176 1132 2220 στάδια
1149 2211 1161 2226 ,

32 2266 75 2302 et
94 2258 311 2317 Antipatri
330 2290 343 2310 ‚
376 2272 485 2316 quae
511 2265 761 2316 argumento
793 2257 1087 2315 epigrammati
1122 2257 1336 2303 Leonidae
1363 2260 1495 2304 simil-

34 2339 131 2382 lima
153 2372 164 2390 ,
200 2338 254 2383 Δ.
286 2337 335 2382 Ρ.
363 2336 424 2380 ΙΧ
446 2369 458 2388 ,
494 2339 568 2380 72.

149 2416 331 2465 Εὔκολος
357 2416 576 2471 Ἑρμείας,
612 2414 640 2458 ὦ
668 2416 856 2468 ποιμένες
875 2450 886 2466 ,
921 2418 962 2459 ἐν
993 2417 1034 2460 δὲ
1062 2417 1252 2469 γάλακτι

81 2640 111 2684 ¹)
136 2640 274 2674 Partem
300 2635 533 2684 inscriptionis
560 2638 705 2672 Hermae
745 2636 853 2672 Attici
892 2623 1070 2673 laudatam
1099 2637 1252 2673 invenias
1277 2638 1369 2687 apud
1395 2641 1493 2677 Eust.

33 2709 129 2743 Rom.
157 2706 200 2743 Il.
221 2707 356 2749 xxiv,
385 2707 465 2740 333.
493 2718 524 2754 p.
541 2707 646 2741 1353.
675 2707 706 2740 8.

78 2778 201 2827 Ἐρμῆ
230 2774 510 2826 τετρακὲφαλε,
541 2775 660 2813 καλὸν
689 2777 970 2826 Τελεσαρχίδου
999 2786 1128 2828 εργον,
1157 2777 1267 2814 πάνθ’
1298 2778 1427 2829 ὁράᾳς.

35 2847 266 2884 Emendaturo
291 2860 544 2897 τετρακαρηνε
568 2846 721 2882 occurrit
747 2846 958 2896 Hesjchius.
986 2847 1268 2897 τετρακέφαλος
1290 2847 1428 2900 Ἐρμῆς
1452 2849 1493 2887 ἐν

37 2917 80 2963 τῇ
108 2916 247 2967 τριόδῳ
273 2920 318 2965 τῇ
347 2916 386 2954 ἓν
411 2917 638 2966 Κεραμεικῶ
664 2915 811 2966 ἵδρυτο.
