1794 3412
904 252 1160 290 -130-

323 373 403 416 hoc
425 375 608 416 carmine
639 357 798 414 netavit
828 374 868 415 in
895 373 1058 432 Explic.
1091 374 1141 415 ad
1172 374 1292 417 Pind.
1329 374 1397 420 01.
1427 376 1506 419 VII
1525 407 1537 427 ,
1570 391 1614 433 p.
1648 378 1745 420 172.

321 452 400 494 »In
429 452 525 494 Asia
558 449 818 492 Athenarum
856 453 990 510 neptis
1027 451 1203 508 Cyzicus
1223 484 1234 503 ,
1270 468 1375 511 quae
1402 454 1456 498 ob
1494 453 1750 497 architectu—

320 546 406 573 ram
447 538 488 571 et
522 544 696 587 operum
740 531 1030 587 organicorum
1071 532 1262 589 peritiam
1310 546 1406 575 cum
1447 533 1598 577 Rhodo
1638 534 1749 592 apud

320 607 567 650 Strabonem
585 607 699 651 xlv.
733 623 777 666 p.
795 610 880 651 695
906 607 954 652 C.
988 611 1280 668 componitur,
1312 626 1386 668 per
1411 612 1592 656 Milesios
1618 612 1749 656 Athe-

318 687 523 729 niensium
554 687 724 730 colonos
766 688 918 731 tradita
961 688 1042 731 sibi
1075 689 1276 748 religione
1305 691 1516 735 Minervae
1535 725 1548 745 ‚
1578 691 1631 734 ab
1671 691 1749 733 hac

318 766 398 807 sibi
429 766 506 809 dea
541 766 736 810 donatam
771 769 870 811 artis
911 768 1153 812 facultatem
1192 769 1367 826 gloriata
1408 772 1519 824 est.''
1580 770 1749 814 Intelli·
1783 801 1790 808 .

317 845 495 901 gendum
534 854 674 889 autem
717 855 855 890 censet
895 847 1133 891 Boeckhius
1162 848 1321 906 primae
1362 849 1462 891 artis
1498 849 1751 907 sculptoriae

318 940 420 982 opus
450 933 491 968 et
517 941 539 967 a
566 925 735 968 Pallade
764 926 851 984 ipsa
877 926 1035 969 factum
1064 925 1350 985 donatumque
1381 927 1597 984 Cyzicenis
1619 943 1750 986 quum

316 1005 498 1062 primum
546 1005 576 1046 ii
627 1004 829 1062 templum
870 1004 1182 1056 condidissent,
1231 1007 1569 1064 triangularem
1623 1006 1751 1063 igitur

317 1087 495 1141 cippum
525 1083 610 1125 sive
653 1085 933 1125 columellam
954 1116 965 1134 ,
1000 1084 1141 1126 triadis
1190 1084 1428 1127 Gratiarum
1467 1083 1717 1141 Symbolum
1738 1117 1748 1136 ‚

318 1162 430 1204 unde
457 1170 598 1220 postea
631 1163 819 1204 mortalis
861 1162 1036 1205 alicuius
1071 1163 1239 1220 ingenio
1265 1172 1308 1206 et
1348 1163 1518 1205 invento
1557 1176 1623 1205 ars
1651 1178 1750 1221 pro-

318 1250 438 1300 gnata
473 1243 578 1285 sit.'’
620 1242 792 1284 Rectius
819 1256 917 1284 vero
943 1257 1022 1300 pro
1047 1250 1166 1300 parte
1198 1241 1449 1285 Walcherus
1473 1241 1578 1287 Mus.
1613 1240 1750 1287 Rhen.

323 1322 450 1364 1845.
482 1336 527 1378 p.
552 1323 653 1364 273.
686 1335 790 1379 opus
817 1320 899 1363 hoc
925 1336 1020 1364 vere
1041 1320 1316 1380 sculptorium
1343 1321 1467 1363 fuisse
1491 1329 1635 1379 putat,
1668 1329 1750 1364 sta-

318 1408 430 1441 tuam
462 1400 670 1457 triplicem
700 1409 742 1443 et
768 1415 894 1443 unam
926 1400 1164 1451 Gratiarum
1185 1434 1195 1450 ,
1230 1401 1317 1444 fere
1343 1408 1390 1443 ut
1416 1401 1594 1444 Hecates
1625 1401 1753 1458 trige-

317 1479 455 1520 minae
485 1477 685 1535 imagines
707 1510 718 1529 ,
749 1478 880 1527 στύλη
913 1478 965 1522 de
1004 1486 1139 1520 statua
1170 1486 1212 1520 et
1244 1479 1423 1535 imagine
1457 1477 1616 1521 dictum
1642 1478 1752 1521 mul·

320 1558 369 1600 tis
394 1556 674 1599 recentiorum
705 1557 958 1614 scriptorum
994 1565 1035 1599 et
1061 1565 1279 1615 poetarum
1315 1556 1418 1599 locis
1447 1557 1749 1602 demonstrans.

319 1636 479 1691 Quibus
503 1635 584 1677 alia
619 1650 666 1678 ex
697 1635 1008 1694 antiquioribus
1043 1635 1168 1678 ducta
1203 1636 1302 1679 addi
1325 1645 1497 1695 possunt
1535 1652 1640 1695 quae
1669 1637 1751 1680 alio

319 1715 413 1757 loco
456 1713 634 1757 collecta
673 1713 798 1758 dabo.
861 1714 1072 1758 Iacobsius
1108 1730 1205 1758 vero
1245 1716 1317 1773 qui
1361 1716 1463 1758 olim
1500 1716 1672 1774 pronior
1708 1717 1751 1758 in

317 1793 564 1836 Buttmanni
606 1794 854 1836 sententiam
902 1794 1068 1846 fuerat,
1110 1795 1316 1855 posterius
1363 1796 1405 1837 in
1449 1793 1665 1838 addendis
1701 1794 1752 1837 ad

320 1871 450 1915 Anth.
485 1873 573 1917 Pal.
606 1872 658 1915 de
691 1872 808 1915 nulla
849 1872 928 1914 alia
971 1882 1059 1916 arte
1101 1873 1169 1916 hic
1221 1875 1288 1932 agi
1329 1875 1492 1932 putavit
1534 1889 1659 1933 quam
1700 1874 1752 1916 de

319 1952 483 1994 navium
513 1950 859 1994 exstruendarum
892 1951 1253 2009 regendarumque
1288 1953 1450 1995 ratione
1477 1966 1602 2009 quam
1640 1952 1753 2011 Argo

321 2030 515 2072 traditam
546 2044 632 2072 esse
664 2044 686 2071 a
721 2029 906 2072 Minerva
936 2029 1062 2087 vulgo
1100 2038 1286 2075 narrant.
1356 2030 1564 2088 Equidem
1607 2032 1752 2089 prius,

320 2111 497 2151 maxime
541 2116 715 2166 propter
759 2108 884 2150 verba
930 2109 1188 2161 χρυσήλατον
1219 2108 1377 2162 ἄχθος,
1424 2124 1532 2167 quae
1563 2109 1668 2153 mihi
1702 2110 1754 2154 de

321 2188 567 2230 columellae
595 2188 732 2246 effigie
757 2187 870 2230 dieta
899 2196 1072 2246 propter
1099 2189 1188 2230 auri
1218 2188 1392 2231 laterum
1417 2188 1592 2247 'pondus
1626 2189 1753 2233 intel·-

320 2268 390 2324 ligi
418 2283 499 2309 non
527 2282 647 2325 posse
675 2266 953 2318 videbantur,
988 2267 1090 2310 haec
1120 2267 1328 2326 adscripta
1357 2267 1422 2319 vel
1451 2269 1649 2326 inscripta
1673 2284 1751 2327 pu-

322 2347 405 2389 tavi
435 2347 548 2389 ferro
575 2347 735 2405 primae
764 2347 879 2389 navis
903 2362 925 2389 a
952 2348 1137 2391 Minerva
1169 2347 1424 2392 aedificatae.
1489 2347 1610 2403 Quod
1639 2363 1752 2392 nunc

319 2427 408 2483 -ipse
438 2425 743 2484 repudiandum
781 2433 917 2483 puto,
961 2440 1093 2483 quum
1132 2441 1281 2470 aureae
1320 2426 1470 2484 effigiei
1511 2426 1675 2485 pondus
1707 2428 1750 2471 in

322 2506 453 2548 maius
493 2514 656 2548 auctam
696 2519 782 2546 esse
809 2505 871 2546 nil
906 2505 1058 2548 mirum
1095 2507 1165 2551 sit.
1230 2506 1456 2550 Donarium
1485 2507 1612 2564 igitur
1639 2521 1753 2549 nunc

321 2601 416 2628 cum
451 2585 735 2635 Buttmanno,
771 2582 1027 2634 Boeckhio,¹
1052 2584 1281 2628 Welckero
1318 2586 1446 2634 fuisse
1483 2593 1588 2643 puto
1628 2586 1751 2628 colu·

322 2663 487 2706 mellam
527 2662 766 2719 prismatam
806 2663 846 2704 in
887 2663 1007 2704 cuius
1048 2662 1244 2706 lateribus
1284 2665 1457 2722 singulis
1494 2664 1751 2722 singularum

323 2743 492 2789 dearum
512 2775 523 2792 ,
558 2741 732 2798 Agla'iae
752 2773 763 2791 ,
800 2741 1099 2800 Euphrosynae
1127 2752 1168 2786 et
1206 2743 1375 2786 Thaliae
1405 2745 1576 2786 fuerunt
1605 2745 1751 2802 imagi-

323 2838 408 2866 nes,
472 2821 644 2865 Initium
678 2821 872 2863 carminis
905 2830 1016 2865 recte
1045 2822 1321 2866 Buttmannus
1345 2822 1603 2866 emendavit:
