<?xml version="1.0" encoding="UTF-8"?>
<!DOCTYPE html PUBLIC "-//W3C//DTD XHTML 1.0 Transitional//EN"
    "http://www.w3.org/TR/xhtml1/DTD/xhtml1-transitional.dtd">
<html xmlns="http://www.w3.org/1999/xhtml" xml:lang="en" lang="en">
 <head>
  <title>
</title>
<meta http-equiv="Content-Type" content="text/html;charset=utf-8" />
  <meta name='ocr-system' content='tesseract 3.04.00' />
  <meta name='ocr-capabilities' content='ocr_page ocr_carea ocr_par ocr_line ocrx_word'/>
</head>
<body>
  <div class='ocr_page' id='page_1' title='image "./commentationiscr00heckuoft_0076.png"; bbox 0 0 1794 3412; ppageno 0'>
   <div class='ocr_carea' id='block_1_1' title="bbox 906 266 1135 305">
    <p class='ocr_par' dir='ltr' id='par_1_1' title="bbox 906 266 1135 305">
     <span class='ocr_line' id='line_1_1' title="bbox 906 266 1135 305; baseline 0.004 -11"><span class='ocrx_word' id='word_1_1' title='bbox 906 266 1135 305; x_wconf 44' lang='lat' dir='ltr'>...62ss</span> 
     </span>
    </p>
   </div>
   <div class='ocr_carea' id='block_1_2' title="bbox 302 384 1740 2892">
    <p class='ocr_par' dir='ltr' id='par_1_2' title="bbox 302 384 1740 1313">
     <span class='ocr_line' id='line_1_2' title="bbox 303 384 1736 446; baseline 0.001 -17"><span class='ocrx_word' id='word_1_2' title='bbox 303 386 570 446; x_wconf 75' lang='lat' dir='ltr'>proloquitur</span> <span class='ocrx_word' id='word_1_3' title='bbox 610 393 757 443; x_wconf 86' lang='lat' dir='ltr'><strong>poeta,</strong></span> <span class='ocrx_word' id='word_1_4' title='bbox 794 385 952 430; x_wconf 85' lang='lat' dir='ltr'><strong>nullam</strong></span> <span class='ocrx_word' id='word_1_5' title='bbox 976 400 1075 430; x_wconf 79' lang='lat' dir='ltr'><strong>vero</strong></span> <span class='ocrx_word' id='word_1_6' title='bbox 1105 400 1201 429; x_wconf 89' lang='lat' dir='ltr'><strong>cum</strong></span> <span class='ocrx_word' id='word_1_7' title='bbox 1230 384 1361 429; x_wconf 83' lang='lat' dir='ltr'><strong>flebili</strong></span> <span class='ocrx_word' id='word_1_8' title='bbox 1394 394 1533 430; x_wconf 85' lang='lat' dir='ltr'><strong>cantu.</strong></span> <span class='ocrx_word' id='word_1_9' title='bbox 1597 386 1736 443; x_wconf 84' lang='lat' dir='ltr'><strong>Quum</strong></span> 
     </span>
     <span class='ocr_line' id='line_1_3' title="bbox 304 463 1737 523; baseline 0 -14"><span class='ocrx_word' id='word_1_10' title='bbox 304 467 431 523; x_wconf 85' lang='lat' dir='ltr'><strong>igitur</strong></span> <span class='ocrx_word' id='word_1_11' title='bbox 459 473 599 523; x_wconf 86' lang='lat' dir='ltr'><strong>postea</strong></span> <span class='ocrx_word' id='word_1_12' title='bbox 628 463 769 514; x_wconf 75' lang='grc' dir='ltr'><em>ἔλεγος</em></span> <span class='ocrx_word' id='word_1_13' title='bbox 797 471 840 507; x_wconf 87' lang='lat' dir='ltr'><strong>et</strong></span> <span class='ocrx_word' id='word_1_14' title='bbox 870 464 1040 515; x_wconf 67' lang='grc' dir='ltr'><strong>ἐλεγεῖα</strong></span> <span class='ocrx_word' id='word_1_15' title='bbox 1068 473 1284 522; x_wconf 86' lang='lat' dir='ltr'><strong>poetarum</strong></span> <span class='ocrx_word' id='word_1_16' title='bbox 1313 479 1390 507; x_wconf 83' lang='lat' dir='ltr'><strong>usu</strong></span> <span class='ocrx_word' id='word_1_17' title='bbox 1417 464 1528 509; x_wconf 87' lang='lat' dir='ltr'><strong>idem</strong></span> <span class='ocrx_word' id='word_1_18' title='bbox 1551 464 1737 509; x_wconf 70' lang='lat' dir='ltr'><strong>valerent</strong></span> 
     </span>
     <span class='ocr_line' id='line_1_4' title="bbox 303 542 1738 602; baseline 0.001 -16"><span class='ocrx_word' id='word_1_19' title='bbox 303 555 344 586; x_wconf 84' lang='lat' dir='ltr'><strong>et</strong></span> <span class='ocrx_word' id='word_1_20' title='bbox 371 544 609 601; x_wconf 86' lang='lat' dir='ltr'><strong>promiscue</strong></span> <span class='ocrx_word' id='word_1_21' title='bbox 654 542 955 585; x_wconf 81' lang='lat' dir='ltr'><strong>adhiberentur</strong></span> <span class='ocrx_word' id='word_1_22' title='bbox 973 575 984 593; x_wconf 90' lang='lat'>‚</span> <span class='ocrx_word' id='word_1_23' title='bbox 1018 542 1088 586; x_wconf 83' lang='lat' dir='ltr'><strong>sed</strong></span> <span class='ocrx_word' id='word_1_24' title='bbox 1117 543 1311 601; x_wconf 80' lang='lat' dir='ltr'><strong>primitus</strong></span> <span class='ocrx_word' id='word_1_25' title='bbox 1339 545 1643 602; x_wconf 80' lang='lat' dir='ltr'><strong>significatione</strong></span> <span class='ocrx_word' id='word_1_26' title='bbox 1670 543 1738 587; x_wconf 86' lang='lat' dir='ltr'><strong>di-</strong></span> 
     </span>
     <span class='ocr_line' id='line_1_5' title="bbox 302 621 1737 681; baseline 0.001 -16"><span class='ocrx_word' id='word_1_27' title='bbox 302 622 534 665; x_wconf 75' lang='lat' dir='ltr'><strong>versissima</strong></span> <span class='ocrx_word' id='word_1_28' title='bbox 571 631 736 672; x_wconf 77' lang='lat' dir='ltr'><strong>essent,</strong></span> <span class='ocrx_word' id='word_1_29' title='bbox 783 621 903 664; x_wconf 83' lang='lat' dir='ltr'><strong>anxie</strong></span> <span class='ocrx_word' id='word_1_30' title='bbox 941 621 1207 681; x_wconf 76' lang='lat' dir='ltr'><strong>trepidarunt</strong></span> <span class='ocrx_word' id='word_1_31' title='bbox 1234 623 1496 681; x_wconf 79' lang='lat' dir='ltr'><strong>grammatici</strong></span> <span class='ocrx_word' id='word_1_32' title='bbox 1536 633 1584 667; x_wconf 88' lang='lat' dir='ltr'><strong>ut</strong></span> <span class='ocrx_word' id='word_1_33' title='bbox 1629 623 1737 666; x_wconf 89' lang='lat' dir='ltr'><strong>hanc</strong></span> 
     </span>
     <span class='ocr_line' id='line_1_6' title="bbox 303 699 1738 760; baseline 0.002 -17"><span class='ocrx_word' id='word_1_34' title='bbox 303 716 409 759; x_wconf 88' lang='lat' dir='ltr'><strong>quae</strong></span> <span class='ocrx_word' id='word_1_35' title='bbox 437 702 535 759; x_wconf 90' lang='lat' dir='ltr'><strong>ipsis</strong></span> <span class='ocrx_word' id='word_1_36' title='bbox 567 699 786 745; x_wconf 78' lang='lat' dir='ltr'><strong>videbatur</strong></span> <span class='ocrx_word' id='word_1_37' title='bbox 813 701 1134 760; x_wconf 85' lang='lat' dir='ltr'><strong>repugnantiam</strong></span> <span class='ocrx_word' id='word_1_38' title='bbox 1164 701 1361 745; x_wconf 86' lang='lat' dir='ltr'><strong>tollerent</strong></span> <span class='ocrx_word' id='word_1_39' title='bbox 1391 710 1432 745; x_wconf 90' lang='lat' dir='ltr'><strong>et</strong></span> <span class='ocrx_word' id='word_1_40' title='bbox 1462 717 1592 760; x_wconf 87' lang='lat' dir='ltr'><strong>quum</strong></span> <span class='ocrx_word' id='word_1_41' title='bbox 1619 703 1738 747; x_wconf 78' lang='lat' dir='ltr'><strong>vido-</strong></span> 
     </span>
     <span class='ocr_line' id='line_1_7' title="bbox 302 780 1738 839; baseline 0.001 -16"><span class='ocrx_word' id='word_1_42' title='bbox 302 789 394 823; x_wconf 88' lang='lat' dir='ltr'><strong>rent</strong></span> <span class='ocrx_word' id='word_1_43' title='bbox 421 780 575 823; x_wconf 88' lang='lat' dir='ltr'><strong>eruditi</strong></span> <span class='ocrx_word' id='word_1_44' title='bbox 603 780 762 823; x_wconf 87' lang='lat' dir='ltr'><strong>nullius</strong></span> <span class='ocrx_word' id='word_1_45' title='bbox 787 788 1082 838; x_wconf 73' lang='lat' dir='ltr'><strong>argumentum</strong></span> <span class='ocrx_word' id='word_1_46' title='bbox 1111 781 1292 838; x_wconf 79' lang='lat' dir='ltr'><strong>elegiae,</strong></span> <span class='ocrx_word' id='word_1_47' title='bbox 1321 796 1427 839; x_wconf 81' lang='lat' dir='ltr'><strong>quae</strong></span> <span class='ocrx_word' id='word_1_48' title='bbox 1458 780 1628 838; x_wconf 86' lang='lat' dir='ltr'><strong>quidem</strong></span> <span class='ocrx_word' id='word_1_49' title='bbox 1660 781 1738 825; x_wconf 88' lang='lat' dir='ltr'><strong>ho-</strong></span> 
     </span>
     <span class='ocr_line' id='line_1_8' title="bbox 302 858 1740 919; baseline 0.001 -17"><span class='ocrx_word' id='word_1_50' title='bbox 302 861 460 902; x_wconf 90' lang='lat' dir='ltr'><strong>minum</strong></span> <span class='ocrx_word' id='word_1_51' title='bbox 486 858 676 902; x_wconf 89' lang='lat' dir='ltr'><strong>manibus</strong></span> <span class='ocrx_word' id='word_1_52' title='bbox 704 866 910 902; x_wconf 79' lang='lat' dir='ltr'><strong>tereretur</strong></span> <span class='ocrx_word' id='word_1_53' title='bbox 930 891 940 908; x_wconf 91' lang='lat'><strong>,</strong></span> <span class='ocrx_word' id='word_1_54' title='bbox 974 859 1152 916; x_wconf 83' lang='lat' dir='ltr'>lugubre</span> <span class='ocrx_word' id='word_1_55' title='bbox 1184 874 1298 910; x_wconf 84' lang='lat' dir='ltr'><strong>esse,</strong></span> <span class='ocrx_word' id='word_1_56' title='bbox 1330 859 1440 918; x_wconf 81' lang='lat' dir='ltr'><strong>ipsos</strong></span> <span class='ocrx_word' id='word_1_57' title='bbox 1475 861 1568 903; x_wconf 81' lang='lat' dir='ltr'><strong>illos</strong></span> <span class='ocrx_word' id='word_1_58' title='bbox 1588 891 1599 911; x_wconf 92' lang='lat'><em>,</em></span> <span class='ocrx_word' id='word_1_59' title='bbox 1634 875 1740 919; x_wconf 76' lang='lat' dir='ltr'><strong>quoa</strong></span> 
     </span>
     <span class='ocr_line' id='line_1_9' title="bbox 302 938 1736 998; baseline 0.001 -17"><span class='ocrx_word' id='word_1_60' title='bbox 302 940 514 997; x_wconf 84' lang='lat' dir='ltr'><strong>principes</strong></span> <span class='ocrx_word' id='word_1_61' title='bbox 544 953 632 981; x_wconf 87' lang='lat' dir='ltr'><strong>esse</strong></span> <span class='ocrx_word' id='word_1_62' title='bbox 661 938 840 981; x_wconf 82' lang='lat' dir='ltr'><strong>vidimus</strong></span> <span class='ocrx_word' id='word_1_63' title='bbox 868 938 1148 996; x_wconf 84' lang='lat' dir='ltr'><strong>elegiacorum</strong></span> <span class='ocrx_word' id='word_1_64' title='bbox 1189 939 1419 982; x_wconf 77' lang='lat' dir='ltr'><strong>carminum</strong></span> <span class='ocrx_word' id='word_1_65' title='bbox 1449 949 1622 998; x_wconf 83' lang='lat' dir='ltr'><strong>poetas,</strong></span> <span class='ocrx_word' id='word_1_66' title='bbox 1654 942 1736 982; x_wconf 89' lang='lat' dir='ltr'><strong>iam</strong></span> 
     </span>
     <span class='ocr_line' id='line_1_10' title="bbox 303 1017 1739 1076; baseline 0.001 -17"><span class='ocrx_word' id='word_1_67' title='bbox 303 1026 547 1076; x_wconf 83' lang='lat' dir='ltr'><strong>argumento</strong></span> <span class='ocrx_word' id='word_1_68' title='bbox 575 1017 737 1062; x_wconf 85' lang='lat' dir='ltr'><strong>diverso</strong></span> <span class='ocrx_word' id='word_1_69' title='bbox 762 1017 843 1061; x_wconf 92' lang='lat' dir='ltr'><strong>hoc</strong></span> <span class='ocrx_word' id='word_1_70' title='bbox 877 1027 1060 1061; x_wconf 86' lang='lat' dir='ltr'><strong>metrum</strong></span> <span class='ocrx_word' id='word_1_71' title='bbox 1086 1018 1325 1062; x_wconf 75' lang='lat' dir='ltr'><strong>adhibuisse</strong></span> <span class='ocrx_word' id='word_1_72' title='bbox 1354 1027 1605 1063; x_wconf 85' lang='lat' dir='ltr'><strong>statuerunt.</strong></span> <span class='ocrx_word' id='word_1_73' title='bbox 1651 1018 1739 1062; x_wconf 81' lang='lat' dir='ltr'><strong>Alii</strong></span> 
     </span>
     <span class='ocr_line' id='line_1_11' title="bbox 305 1095 1738 1156; baseline 0.001 -18"><span class='ocrx_word' id='word_1_74' title='bbox 305 1112 401 1141; x_wconf 84' lang='lat' dir='ltr'><strong>vero</strong></span> <span class='ocrx_word' id='word_1_75' title='bbox 432 1096 480 1139; x_wconf 89' lang='lat' dir='ltr'><strong>ad</strong></span> <span class='ocrx_word' id='word_1_76' title='bbox 506 1097 797 1155; x_wconf 84' lang='lat' dir='ltr'><strong>inscriptiones</strong></span> <span class='ocrx_word' id='word_1_77' title='bbox 829 1095 1102 1154; x_wconf 78' lang='lat' dir='ltr'><strong>sepulcrales,</strong></span> <span class='ocrx_word' id='word_1_78' title='bbox 1138 1097 1248 1139; x_wconf 90' lang='lat' dir='ltr'><strong>unde</strong></span> <span class='ocrx_word' id='word_1_79' title='bbox 1275 1098 1591 1154; x_wconf 81' lang='lat' dir='ltr'><strong>explicationem</strong></span> <span class='ocrx_word' id='word_1_80' title='bbox 1614 1105 1738 1156; x_wconf 49' lang='lat' dir='ltr'><strong>‘pete-</strong></span> 
     </span>
     <span class='ocr_line' id='line_1_12' title="bbox 303 1174 1737 1234; baseline 0.001 -16"><span class='ocrx_word' id='word_1_81' title='bbox 303 1185 420 1228; x_wconf 89' lang='lat' dir='ltr'><strong>rent,</strong></span> <span class='ocrx_word' id='word_1_82' title='bbox 457 1177 736 1234; x_wconf 79' lang='lat' dir='ltr'><strong>confugerunt</strong></span> <span class='ocrx_word' id='word_1_83' title='bbox 771 1175 900 1233; x_wconf 88' lang='lat' dir='ltr'><strong>idque</strong></span> <span class='ocrx_word' id='word_1_84' title='bbox 926 1183 1067 1227; x_wconf 88' lang='lat' dir='ltr'><strong>recte,</strong></span> <span class='ocrx_word' id='word_1_85' title='bbox 1100 1183 1147 1218; x_wconf 86' lang='lat' dir='ltr'><strong>ut</strong></span> <span class='ocrx_word' id='word_1_86' title='bbox 1170 1174 1277 1218; x_wconf 81' lang='lat' dir='ltr'><strong>mihi</strong></span> <span class='ocrx_word' id='word_1_87' title='bbox 1305 1175 1488 1219; x_wconf 80' lang='lat' dir='ltr'><strong>videtur.</strong></span> <span class='ocrx_word' id='word_1_88' title='bbox 1549 1176 1737 1232; x_wconf 84' lang='lat' dir='ltr'><strong>Quorum</strong></span> 
     </span>
     <span class='ocr_line' id='line_1_13' title="bbox 304 1255 1030 1313; baseline 0.001 -15"><span class='ocrx_word' id='word_1_89' title='bbox 304 1257 551 1299; x_wconf 85' lang='lat' dir='ltr'><strong>sententiam</strong></span> <span class='ocrx_word' id='word_1_90' title='bbox 583 1255 786 1313; x_wconf 81' lang='lat' dir='ltr'><strong>explicuit</strong></span> <span class='ocrx_word' id='word_1_91' title='bbox 816 1256 1030 1299; x_wconf 83' lang='lat' dir='ltr'><strong>Horatius.</strong></span> 
     </span>
    </p>

    <p class='ocr_par' dir='ltr' id='par_1_3' title="bbox 303 1333 1740 2502">
     <span class='ocr_line' id='line_1_14' title="bbox 354 1333 1739 1393; baseline -0.003 -13"><span class='ocrx_word' id='word_1_92' title='bbox 354 1336 444 1380; x_wconf 24' lang='lat' dir='ltr'><strong>*Sed</strong></span> <span class='ocrx_word' id='word_1_93' title='bbox 473 1344 520 1378; x_wconf 90' lang='lat' dir='ltr'><strong>ut</strong></span> <span class='ocrx_word' id='word_1_94' title='bbox 543 1334 690 1378; x_wconf 86' lang='lat' dir='ltr'><strong>eodem</strong></span> <span class='ocrx_word' id='word_1_95' title='bbox 719 1335 1032 1393; x_wconf 83' lang='lat' dir='ltr'><strong>regrediamur,</strong></span> <span class='ocrx_word' id='word_1_96' title='bbox 1064 1349 1112 1377; x_wconf 86' lang='lat' dir='ltr'><strong>ex</strong></span> <span class='ocrx_word' id='word_1_97' title='bbox 1140 1348 1224 1392; x_wconf 88' lang='lat' dir='ltr'><strong>quo</strong></span> <span class='ocrx_word' id='word_1_98' title='bbox 1254 1334 1388 1376; x_wconf 87' lang='lat' dir='ltr'><strong>omnis</strong></span> <span class='ocrx_word' id='word_1_99' title='bbox 1420 1333 1522 1376; x_wconf 89' lang='lat' dir='ltr'><strong>haec</strong></span> <span class='ocrx_word' id='word_1_100' title='bbox 1548 1333 1739 1392; x_wconf 88' lang='lat' dir='ltr'><strong>disputa-</strong></span> 
     </span>
     <span class='ocr_line' id='line_1_15' title="bbox 306 1413 1739 1472; baseline 0 -16"><span class='ocrx_word' id='word_1_101' title='bbox 306 1417 362 1457; x_wconf 89' lang='lat' dir='ltr'><strong>tio</strong></span> <span class='ocrx_word' id='word_1_102' title='bbox 395 1429 520 1472; x_wconf 90' lang='lat' dir='ltr'><strong>quam</strong></span> <span class='ocrx_word' id='word_1_103' title='bbox 561 1413 771 1456; x_wconf 86' lang='lat' dir='ltr'><strong>declinare</strong></span> <span class='ocrx_word' id='word_1_104' title='bbox 808 1427 890 1456; x_wconf 91' lang='lat' dir='ltr'><strong>non</strong></span> <span class='ocrx_word' id='word_1_105' title='bbox 930 1414 1173 1472; x_wconf 86' lang='lat' dir='ltr'><strong>potuimus,</strong></span> <span class='ocrx_word' id='word_1_106' title='bbox 1222 1414 1344 1455; x_wconf 81' lang='lat' dir='ltr'><strong>nobis</strong></span> <span class='ocrx_word' id='word_1_107' title='bbox 1380 1413 1609 1470; x_wconf 86' lang='lat' dir='ltr'><strong>profluxit,</strong></span> <span class='ocrx_word' id='word_1_108' title='bbox 1651 1413 1739 1457; x_wconf 89' lang='lat' dir='ltr'><strong>ele-</strong></span> 
     </span>
     <span class='ocr_line' id='line_1_16' title="bbox 304 1492 1738 1550; baseline 0.001 -16"><span class='ocrx_word' id='word_1_109' title='bbox 304 1494 430 1549; x_wconf 85' lang='lat' dir='ltr'><strong>giacis</strong></span> <span class='ocrx_word' id='word_1_110' title='bbox 454 1493 631 1535; x_wconf 82' lang='lat' dir='ltr'><strong>maxime</strong></span> <span class='ocrx_word' id='word_1_111' title='bbox 658 1493 841 1534; x_wconf 83' lang='lat' dir='ltr'><strong>numeris</strong></span> <span class='ocrx_word' id='word_1_112' title='bbox 869 1501 1082 1550; x_wconf 86' lang='lat' dir='ltr'><strong>tamquam</strong></span> <span class='ocrx_word' id='word_1_113' title='bbox 1120 1492 1307 1548; x_wconf 84' lang='lat' dir='ltr'><strong>legitimo</strong></span> <span class='ocrx_word' id='word_1_114' title='bbox 1329 1500 1371 1534; x_wconf 89' lang='lat' dir='ltr'><strong>et</strong></span> <span class='ocrx_word' id='word_1_115' title='bbox 1394 1492 1569 1534; x_wconf 88' lang='lat' dir='ltr'><strong>solemni</strong></span> <span class='ocrx_word' id='word_1_116' title='bbox 1602 1501 1738 1536; x_wconf 86' lang='lat' dir='ltr'><strong>metro</strong></span> 
     </span>
     <span class='ocr_line' id='line_1_17' title="bbox 304 1569 1738 1630; baseline 0.001 -17"><span class='ocrx_word' id='word_1_117' title='bbox 304 1572 480 1630; x_wconf 84' lang='lat' dir='ltr'><strong>scriptas</strong></span> <span class='ocrx_word' id='word_1_118' title='bbox 516 1571 641 1612; x_wconf 83' lang='lat' dir='ltr'><strong>fuisse</strong></span> <span class='ocrx_word' id='word_1_119' title='bbox 673 1570 994 1628; x_wconf 76' lang='lat' dir='ltr'><strong>inscriptiones,</strong></span> <span class='ocrx_word' id='word_1_120' title='bbox 1037 1569 1138 1612; x_wconf 88' lang='lat' dir='ltr'><strong>hine</strong></span> <span class='ocrx_word' id='word_1_121' title='bbox 1177 1584 1347 1628; x_wconf 89' lang='lat' dir='ltr'><strong>quoque</strong></span> <span class='ocrx_word' id='word_1_122' title='bbox 1386 1579 1576 1622; x_wconf 78' lang='lat' dir='ltr'><strong>constat,</strong></span> <span class='ocrx_word' id='word_1_123' title='bbox 1625 1571 1738 1630; x_wconf 86' lang='lat' dir='ltr'><strong>quod</strong></span> 
     </span>
     <span class='ocr_line' id='line_1_18' title="bbox 304 1647 1740 1708; baseline 0.001 -15"><span class='ocrx_word' id='word_1_124' title='bbox 304 1650 503 1693; x_wconf 83' lang='lat' dir='ltr'><strong>dicuntur</strong></span> <span class='ocrx_word' id='word_1_125' title='bbox 536 1649 706 1699; x_wconf 71' lang='grc' dir='ltr'><em>ἐλεγεῖα</em></span> <span class='ocrx_word' id='word_1_126' title='bbox 744 1657 786 1691; x_wconf 88' lang='lat' dir='ltr'><strong>et</strong></span> <span class='ocrx_word' id='word_1_127' title='bbox 826 1647 986 1699; x_wconf 73' lang='grc' dir='ltr'><strong>ἔλεγοι,</strong></span> <span class='ocrx_word' id='word_1_128' title='bbox 1035 1663 1107 1691; x_wconf 88' lang='lat' dir='ltr'><strong>eae</strong></span> <span class='ocrx_word' id='word_1_129' title='bbox 1139 1664 1308 1708; x_wconf 86' lang='lat' dir='ltr'><strong>quoque</strong></span> <span class='ocrx_word' id='word_1_130' title='bbox 1337 1664 1444 1708; x_wconf 88' lang='lat' dir='ltr'><strong>quae</strong></span> <span class='ocrx_word' id='word_1_131' title='bbox 1479 1651 1561 1693; x_wconf 90' lang='lat' dir='ltr'><strong>alio</strong></span> <span class='ocrx_word' id='word_1_132' title='bbox 1603 1659 1740 1695; x_wconf 86' lang='lat' dir='ltr'><strong>metro</strong></span> 
     </span>
     <span class='ocr_line' id='line_1_19' title="bbox 303 1728 1740 1788; baseline 0.001 -17"><span class='ocrx_word' id='word_1_133' title='bbox 303 1731 482 1788; x_wconf 86' lang='lat' dir='ltr'><strong>scriptae</strong></span> <span class='ocrx_word' id='word_1_134' title='bbox 518 1738 629 1772; x_wconf 90' lang='lat' dir='ltr'><strong>sunt.</strong></span> <span class='ocrx_word' id='word_1_135' title='bbox 706 1728 762 1772; x_wconf 93' lang='lat' dir='ltr'><strong>Ut</strong></span> <span class='ocrx_word' id='word_1_136' title='bbox 807 1729 1025 1787; x_wconf 89' lang='lat' dir='ltr'><strong>inscriptio</strong></span> <span class='ocrx_word' id='word_1_137' title='bbox 1062 1728 1310 1771; x_wconf 84' lang='lat' dir='ltr'><strong>hexametris</strong></span> <span class='ocrx_word' id='word_1_138' title='bbox 1356 1728 1518 1772; x_wconf 79' lang='lat' dir='ltr'><strong>inclusa</strong></span> <span class='ocrx_word' id='word_1_139' title='bbox 1558 1731 1740 1782; x_wconf 72' lang='grc' dir='ltr'><strong>ἐλεγεῖον</strong></span> 
     </span>
     <span class='ocr_line' id='line_1_20' title="bbox 303 1807 1740 1866; baseline 0.001 -13"><span class='ocrx_word' id='word_1_140' title='bbox 303 1809 413 1866; x_wconf 88' lang='lat' dir='ltr'><strong>apud</strong></span> <span class='ocrx_word' id='word_1_141' title='bbox 451 1807 673 1851; x_wconf 86' lang='lat' dir='ltr'><strong>Demosth.</strong></span> <span class='ocrx_word' id='word_1_142' title='bbox 718 1808 868 1851; x_wconf 87' lang='lat' dir='ltr'><strong>Neaer.</strong></span> <span class='ocrx_word' id='word_1_143' title='bbox 914 1811 1111 1866; x_wconf 83' lang='lat' dir='ltr'><strong>p.1378.</strong></span> <span class='ocrx_word' id='word_1_144' title='bbox 1150 1811 1219 1853; x_wconf 89' lang='lat'><strong>13.</strong></span> <span class='ocrx_word' id='word_1_145' title='bbox 1263 1809 1446 1860; x_wconf 88' lang='lat' dir='ltr'><strong>dicitur,</strong></span> <span class='ocrx_word' id='word_1_146' title='bbox 1478 1818 1521 1853; x_wconf 85' lang='lat' dir='ltr'><strong>et</strong></span> <span class='ocrx_word' id='word_1_147' title='bbox 1562 1811 1605 1854; x_wconf 91' lang='lat' dir='ltr'><strong>in</strong></span> <span class='ocrx_word' id='word_1_148' title='bbox 1647 1809 1740 1854; x_wconf 76' lang='lat' dir='ltr'><strong>aliis</strong></span> 
     </span>
     <span class='ocr_line' id='line_1_21' title="bbox 303 1886 1738 1947; baseline 0.001 -17"><span class='ocrx_word' id='word_1_149' title='bbox 303 1889 407 1933; x_wconf 80' lang='lat' dir='ltr'><strong>locis</strong></span> <span class='ocrx_word' id='word_1_150' title='bbox 447 1903 550 1946; x_wconf 75' lang='lat' dir='ltr'><strong>quos</strong></span> <span class='ocrx_word' id='word_1_151' title='bbox 589 1896 685 1930; x_wconf 89' lang='lat' dir='ltr'><strong>ante</strong></span> <span class='ocrx_word' id='word_1_152' title='bbox 720 1902 787 1929; x_wconf 92' lang='lat' dir='ltr'><strong>me</strong></span> <span class='ocrx_word' id='word_1_153' title='bbox 825 1886 1084 1944; x_wconf 87' lang='lat' dir='ltr'><strong>collegerunt</strong></span> <span class='ocrx_word' id='word_1_154' title='bbox 1112 1888 1191 1930; x_wconf 87' lang='lat' dir='ltr'><strong>viri</strong></span> <span class='ocrx_word' id='word_1_155' title='bbox 1229 1887 1377 1942; x_wconf 83' lang='lat' dir='ltr'><strong>docti3</strong></span> <span class='ocrx_word' id='word_1_156' title='bbox 1426 1889 1610 1947; x_wconf 80' lang='lat' dir='ltr'><strong>Hesych.</strong></span> <span class='ocrx_word' id='word_1_157' title='bbox 1647 1891 1738 1934; x_wconf 79' lang='grc' dir='ltr'><em>ἐλε-</em></span> 
     </span>
     <span class='ocr_line' id='line_1_22' title="bbox 303 1965 1739 2026; baseline 0.001 -16"><span class='ocrx_word' id='word_1_158' title='bbox 303 1973 430 2019; x_wconf 69' lang='grc' dir='ltr'><strong><em>γεῖα,</em></strong></span> <span class='ocrx_word' id='word_1_159' title='bbox 465 1966 521 2009; x_wconf 76' lang='grc' dir='ltr'><strong>τὰ</strong></span> <span class='ocrx_word' id='word_1_160' title='bbox 552 1965 758 2020; x_wconf 69' lang='grc' dir='ltr'><strong><em>ἐπιτάφιοι</em></strong></span> <span class='ocrx_word' id='word_1_161' title='bbox 783 1967 1011 2018; x_wconf 70' lang='grc' dir='ltr'><em>ποιήματα.</em></span> <span class='ocrx_word' id='word_1_162' title='bbox 1077 1967 1389 2026; x_wconf 83' lang='lat' dir='ltr'><strong>Epigrammata</strong></span> <span class='ocrx_word' id='word_1_163' title='bbox 1420 1968 1554 2019; x_wconf 72' lang='grc' dir='ltr'><em>ἔλεγοι</em></span> <span class='ocrx_word' id='word_1_164' title='bbox 1587 1969 1739 2012; x_wconf 81' lang='lat' dir='ltr'><strong>dicun·</strong></span> 
     </span>
     <span class='ocr_line' id='line_1_23' title="bbox 306 2046 1735 2105; baseline 0.001 -15"><span class='ocrx_word' id='word_1_165' title='bbox 306 2056 373 2090; x_wconf 91' lang='lat' dir='ltr'><strong>tur</strong></span> <span class='ocrx_word' id='word_1_166' title='bbox 406 2062 428 2088; x_wconf 85' lang='lat' dir='ltr'><strong>a</strong></span> <span class='ocrx_word' id='word_1_167' title='bbox 466 2046 675 2104; x_wconf 86' lang='lat' dir='ltr'><strong>Meleagro</strong></span> <span class='ocrx_word' id='word_1_168' title='bbox 710 2046 763 2090; x_wconf 84' lang='lat' dir='ltr'><strong>A.</strong></span> <span class='ocrx_word' id='word_1_169' title='bbox 791 2046 838 2090; x_wconf 90' lang='lat' dir='ltr'><strong>P.</strong></span> <span class='ocrx_word' id='word_1_170' title='bbox 865 2046 949 2095; x_wconf 89' lang='lat' dir='ltr'><strong>IV,</strong></span> <span class='ocrx_word' id='word_1_171' title='bbox 983 2049 1020 2089; x_wconf 83' lang='lat'><strong>1.</strong></span> <span class='ocrx_word' id='word_1_172' title='bbox 1056 2049 1127 2091; x_wconf 85' lang='lat'><strong>36.</strong></span> <span class='ocrx_word' id='word_1_173' title='bbox 1169 2055 1211 2090; x_wconf 87' lang='lat' dir='ltr'><strong>et</strong></span> <span class='ocrx_word' id='word_1_174' title='bbox 1249 2046 1428 2105; x_wconf 83' lang='lat' dir='ltr'><strong>Agathia</strong></span> <span class='ocrx_word' id='word_1_175' title='bbox 1468 2048 1528 2092; x_wconf 91' lang='lat' dir='ltr'><strong>ib.</strong></span> <span class='ocrx_word' id='word_1_176' title='bbox 1555 2053 1598 2092; x_wconf 88' lang='lat'><strong>3.</strong></span> <span class='ocrx_word' id='word_1_177' title='bbox 1637 2051 1735 2092; x_wconf 84' lang='lat'><strong>130.</strong></span> 
     </span>
     <span class='ocr_line' id='line_1_24' title="bbox 303 2126 1739 2186; baseline 0.001 -17"><span class='ocrx_word' id='word_1_178' title='bbox 303 2126 494 2169; x_wconf 87' lang='lat' dir='ltr'><strong>Polliano</strong></span> <span class='ocrx_word' id='word_1_179' title='bbox 522 2126 610 2177; x_wconf 87' lang='lat' dir='ltr'><strong>XI,</strong></span> <span class='ocrx_word' id='word_1_180' title='bbox 649 2128 746 2169; x_wconf 85' lang='lat'>130.</span> <span class='ocrx_word' id='word_1_181' title='bbox 783 2128 825 2170; x_wconf 83' lang='lat'><strong>3.</strong></span> <span class='ocrx_word' id='word_1_182' title='bbox 872 2126 1037 2168; x_wconf 91' lang='lat' dir='ltr'><strong>Lucilio</strong></span> <span class='ocrx_word' id='word_1_183' title='bbox 1079 2126 1138 2170; x_wconf 83' lang='lat' dir='ltr'><strong>ib.</strong></span> <span class='ocrx_word' id='word_1_184' title='bbox 1183 2140 1221 2171; x_wconf 90' lang='lat' dir='ltr'><strong>c.</strong></span> <span class='ocrx_word' id='word_1_185' title='bbox 1262 2129 1358 2171; x_wconf 87' lang='lat'><strong>135.</strong></span> <span class='ocrx_word' id='word_1_186' title='bbox 1392 2130 1435 2171; x_wconf 86' lang='lat'><strong>3.</strong></span> <span class='ocrx_word' id='word_1_187' title='bbox 1484 2127 1739 2186; x_wconf 77' lang='lat' dir='ltr'><strong>Apollonide</strong></span> 
     </span>
     <span class='ocr_line' id='line_1_25' title="bbox 305 2205 1738 2265; baseline 0.002 -17"><span class='ocrx_word' id='word_1_188' title='bbox 305 2206 367 2258; x_wconf 85' lang='lat' dir='ltr'><strong>X,</strong></span> <span class='ocrx_word' id='word_1_189' title='bbox 405 2209 474 2249; x_wconf 88' lang='lat'><strong>19.</strong></span> <span class='ocrx_word' id='word_1_190' title='bbox 509 2214 551 2248; x_wconf 87' lang='lat' dir='ltr'><strong>et</strong></span> <span class='ocrx_word' id='word_1_191' title='bbox 580 2206 832 2248; x_wconf 84' lang='lat' dir='ltr'><strong>Petroniano</strong></span> <span class='ocrx_word' id='word_1_192' title='bbox 870 2205 1048 2248; x_wconf 86' lang='lat' dir='ltr'><strong>Hastilio</strong></span> <span class='ocrx_word' id='word_1_193' title='bbox 1069 2238 1081 2257; x_wconf 94' lang='lat'>,</span> <span class='ocrx_word' id='word_1_194' title='bbox 1117 2214 1163 2248; x_wconf 92' lang='lat' dir='ltr'><strong>ut</strong></span> <span class='ocrx_word' id='word_1_195' title='bbox 1194 2205 1362 2249; x_wconf 81' lang='lat' dir='ltr'><strong>videtur</strong></span> <span class='ocrx_word' id='word_1_196' title='bbox 1396 2215 1520 2265; x_wconf 89' lang='lat' dir='ltr'><strong>poeta</strong></span> <span class='ocrx_word' id='word_1_197' title='bbox 1548 2208 1738 2251; x_wconf 87' lang='lat' dir='ltr'><strong>nomina·</strong></span> 
     </span>
     <span class='ocr_line' id='line_1_26' title="bbox 305 2284 1737 2345; baseline 0.001 -18"><span class='ocrx_word' id='word_1_198' title='bbox 305 2295 369 2328; x_wconf 83' lang='lat' dir='ltr'><strong>tus</strong></span> <span class='ocrx_word' id='word_1_199' title='bbox 386 2285 534 2335; x_wconf 86' lang='lat' dir='ltr'><strong>fuisse,</strong></span> <span class='ocrx_word' id='word_1_200' title='bbox 567 2286 608 2327; x_wconf 90' lang='lat' dir='ltr'><strong>in</strong></span> <span class='ocrx_word' id='word_1_201' title='bbox 639 2285 938 2343; x_wconf 81' lang='lat' dir='ltr'><strong>epigrammate</strong></span> <span class='ocrx_word' id='word_1_202' title='bbox 967 2284 1128 2327; x_wconf 86' lang='lat' dir='ltr'><strong>colosso</strong></span> <span class='ocrx_word' id='word_1_203' title='bbox 1145 2284 1392 2328; x_wconf 83' lang='lat' dir='ltr'><strong>Memnonen</strong></span> <span class='ocrx_word' id='word_1_204' title='bbox 1410 2285 1624 2345; x_wconf 86' lang='lat' dir='ltr'><strong>insculpto</strong></span> <span class='ocrx_word' id='word_1_205' title='bbox 1649 2287 1737 2345; x_wconf 90' lang='lat' dir='ltr'><strong>pri-</strong></span> 
     </span>
     <span class='ocr_line' id='line_1_27' title="bbox 305 2363 1737 2421; baseline 0.001 -13"><span class='ocrx_word' id='word_1_206' title='bbox 305 2379 417 2408; x_wconf 90' lang='lat' dir='ltr'><strong>mum</strong></span> <span class='ocrx_word' id='word_1_207' title='bbox 442 2365 557 2409; x_wconf 87' lang='lat' dir='ltr'><strong>edito</strong></span> <span class='ocrx_word' id='word_1_208' title='bbox 580 2379 601 2405; x_wconf 90' lang='lat' dir='ltr'><strong>a</strong></span> <span class='ocrx_word' id='word_1_209' title='bbox 625 2364 855 2407; x_wconf 85' lang='lat' dir='ltr'><strong>Letronnio</strong></span> <span class='ocrx_word' id='word_1_210' title='bbox 873 2364 914 2406; x_wconf 90' lang='lat' dir='ltr'><strong>in</strong></span> <span class='ocrx_word' id='word_1_211' title='bbox 940 2363 1119 2421; x_wconf 86' lang='lat' dir='ltr'><strong>eleganti</strong></span> <span class='ocrx_word' id='word_1_212' title='bbox 1145 2365 1500 2410; x_wconf 86' lang='lat' dir='ltr'><strong>commentatione</strong></span> <span class='ocrx_word' id='word_1_213' title='bbox 1524 2365 1576 2409; x_wconf 90' lang='lat' dir='ltr'><strong>de</strong></span> <span class='ocrx_word' id='word_1_214' title='bbox 1604 2365 1737 2410; x_wconf 84' lang='lat' dir='ltr'><strong>Mem-</strong></span> 
     </span>
     <span class='ocr_line' id='line_1_28' title="bbox 305 2443 1142 2502; baseline 0 -14"><span class='ocrx_word' id='word_1_215' title='bbox 305 2446 426 2488; x_wconf 83' lang='lat' dir='ltr'><strong>nonis</strong></span> <span class='ocrx_word' id='word_1_216' title='bbox 451 2453 584 2487; x_wconf 83' lang='lat' dir='ltr'><strong>statua</strong></span> <span class='ocrx_word' id='word_1_217' title='bbox 618 2444 766 2500; x_wconf 87' lang='lat' dir='ltr'><strong>(Paris.</strong></span> <span class='ocrx_word' id='word_1_218' title='bbox 803 2443 932 2497; x_wconf 87' lang='lat'><strong>1833)</strong></span> <span class='ocrx_word' id='word_1_219' title='bbox 964 2459 1010 2502; x_wconf 86' lang='lat' dir='ltr'><strong>p.</strong></span> <span class='ocrx_word' id='word_1_220' title='bbox 1040 2446 1142 2488; x_wconf 84' lang='lat'><strong>224.</strong></span> 
     </span>
    </p>

    <p class='ocr_par' dir='ltr' id='par_1_4' title="bbox 420 2521 1456 2655">
     <span class='ocr_line' id='line_1_29' title="bbox 420 2521 1456 2578; baseline 0 -12"><span class='ocrx_word' id='word_1_221' title='bbox 420 2522 587 2571; x_wconf 80' lang='grc' dir='ltr'><strong><em>Τούτοις</em></strong></span> <span class='ocrx_word' id='word_1_222' title='bbox 615 2527 698 2571; x_wconf 77' lang='grc' dir='ltr'><strong>τοῖς</strong></span> <span class='ocrx_word' id='word_1_223' title='bbox 730 2521 886 2573; x_wconf 69' lang='grc' dir='ltr'><strong><em>ἐλέγοις</em></strong></span> <span class='ocrx_word' id='word_1_224' title='bbox 917 2521 1186 2576; x_wconf 73' lang='grc' dir='ltr'><em>Πετρωνιανός</em></span> <span class='ocrx_word' id='word_1_225' title='bbox 1214 2538 1260 2564; x_wconf 85' lang='grc' dir='ltr'><strong>σε</strong></span> <span class='ocrx_word' id='word_1_226' title='bbox 1287 2523 1456 2578; x_wconf 69' lang='grc' dir='ltr'><strong><em>γεραίρω</em></strong></span> 
     </span>
     <span class='ocr_line' id='line_1_30' title="bbox 539 2601 1340 2655; baseline 0 -11"><span class='ocrx_word' id='word_1_227' title='bbox 539 2601 726 2651; x_wconf 68' lang='grc' dir='ltr'><strong>αὐδήεντι</strong></span> <span class='ocrx_word' id='word_1_228' title='bbox 757 2602 827 2654; x_wconf 76' lang='grc' dir='ltr'><strong>θεῷ</strong></span> <span class='ocrx_word' id='word_1_229' title='bbox 854 2601 1030 2652; x_wconf 73' lang='grc' dir='ltr'><strong>μουσικοὶ</strong></span> <span class='ocrx_word' id='word_1_230' title='bbox 1056 2601 1157 2655; x_wconf 72' lang='grc' dir='ltr'><strong>δῶρα</strong></span> <span class='ocrx_word' id='word_1_231' title='bbox 1183 2601 1309 2650; x_wconf 74' lang='grc' dir='ltr'><em>διδούς</em></span> <span class='ocrx_word' id='word_1_232' title='bbox 1328 2635 1340 2650; x_wconf 86' lang='grc'><em>,</em></span> 
     </span>
    </p>

    <p class='ocr_par' dir='ltr' id='par_1_5' title="bbox 420 2680 1559 2814">
     <span class='ocr_line' id='line_1_31' title="bbox 420 2680 1559 2735; baseline 0 -11"><span class='ocrx_word' id='word_1_233' title='bbox 420 2681 615 2735; x_wconf 72' lang='grc' dir='ltr'><strong>πκτρόθεν</strong></span> <span class='ocrx_word' id='word_1_234' title='bbox 640 2680 773 2732; x_wconf 76' lang='grc' dir='ltr'><em>οὔνομ’</em></span> <span class='ocrx_word' id='word_1_235' title='bbox 799 2680 905 2734; x_wconf 79' lang='grc' dir='ltr'><em>ἔχων</em></span> <span class='ocrx_word' id='word_1_236' title='bbox 937 2682 1186 2729; x_wconf 61' lang='lat' dir='ltr'><strong>‘Ao-rimas</strong></span> <span class='ocrx_word' id='word_1_237' title='bbox 1204 2714 1215 2730; x_wconf 89' lang='lat'><em>‚</em></span> <span class='ocrx_word' id='word_1_238' title='bbox 1250 2681 1408 2729; x_wconf 73' lang='grc' dir='ltr'>Ἰταλὸς</span> <span class='ocrx_word' id='word_1_239' title='bbox 1434 2683 1531 2734; x_wconf 64' lang='grc' dir='ltr'><strong>ἁνήρ</strong></span> <span class='ocrx_word' id='word_1_240' title='bbox 1548 2714 1559 2729; x_wconf 87' lang='grc'><strong><em>,</em></strong></span> 
     </span>
     <span class='ocr_line' id='line_1_32' title="bbox 538 2758 1445 2814; baseline 0.001 -12"><span class='ocrx_word' id='word_1_241' title='bbox 538 2761 656 2803; x_wconf 65' lang='grc' dir='ltr'><strong>ἀλλὰ</strong></span> <span class='ocrx_word' id='word_1_242' title='bbox 686 2760 735 2803; x_wconf 84' lang='grc' dir='ltr'><strong>σύ</strong></span> <span class='ocrx_word' id='word_1_243' title='bbox 767 2775 833 2811; x_wconf 80' lang='grc' dir='ltr'><strong>μοι</strong></span> <span class='ocrx_word' id='word_1_244' title='bbox 866 2759 965 2813; x_wconf 68' lang='grc' dir='ltr'><em>ζωὴν</em></span> <span class='ocrx_word' id='word_1_245' title='bbox 991 2761 1101 2814; x_wconf 72' lang='grc' dir='ltr'><strong><em>δηρὸν</em></strong></span> <span class='ocrx_word' id='word_1_246' title='bbox 1126 2758 1236 2809; x_wconf 72' lang='grc' dir='ltr'><strong>ἄναξ</strong></span> <span class='ocrx_word' id='word_1_247' title='bbox 1260 2759 1445 2814; x_wconf 67' lang='grc' dir='ltr'><strong>χάρισαι.</strong></span> 
     </span>
    </p>

    <p class='ocr_par' dir='ltr' id='par_1_6' title="bbox 420 2838 1613 2892">
     <span class='ocr_line' id='line_1_33' title="bbox 420 2838 1613 2892; baseline 0 -10"><span class='ocrx_word' id='word_1_248' title='bbox 420 2841 567 2882; x_wconf 74' lang='grc' dir='ltr'>Πολλοὶ</span> <span class='ocrx_word' id='word_1_249' title='bbox 601 2841 963 2892; x_wconf 68' lang='grc' dir='ltr'><em>ἅνασ-τείχουσι</em></span> <span class='ocrx_word' id='word_1_250' title='bbox 997 2841 1191 2891; x_wconf 69' lang='grc' dir='ltr'><strong>δαήμεναι</strong></span> <span class='ocrx_word' id='word_1_251' title='bbox 1225 2838 1263 2882; x_wconf 80' lang='grc' dir='ltr'><strong>εἴ</strong></span> <span class='ocrx_word' id='word_1_252' title='bbox 1289 2843 1322 2892; x_wconf 85' lang='grc' dir='ltr'><strong>ρ’</strong></span> <span class='ocrx_word' id='word_1_253' title='bbox 1350 2838 1408 2882; x_wconf 79' lang='grc' dir='ltr'><strong>ἔτι</strong></span> <span class='ocrx_word' id='word_1_254' title='bbox 1439 2839 1613 2890; x_wconf 75' lang='grc' dir='ltr'><em>Μέμνων</em></span> 
     </span>
    </p>
   </div>
  </div>
 </body>
</html>
