1794 3412
652 273 884 312 -93—

37 396 208 456 Smyrn.
240 394 331 446 Vi,
378 398 478 439 139.
525 394 786 449 ἰσχανόωνται
837 392 1056 445 ’γάλακτος
1109 393 1232 447 θρέψε
1275 394 1343 444 θοή
1394 405 1496 436 ποτε

35 475 204 530 κεμμιὲς
235 474 368 530 μαζὸν
406 474 676 530 ἐπισχομένη.
741 473 828 520 Ubi
866 473 1009 519 editur
1039 473 1320 529 ὑποσχομένη.
1358 474 1411 519 Δ.
1446 473 1496 518 P.

35 557 125 610 lx,
160 559 263 602 224.
298 559 340 602 5.
383 553 412 611 ᾧ
447 555 533 611 γὰρ
570 554 750 610 ἐπέσχον
791 553 923 609 μαζὸν
954 553 1067 608 ἐμόν.
1115 554 1267 599 Pollux
1294 553 1388 607 ΙΙΙ,
1426 557 1498 600 10.

34 641 58 689 ἧ
79 641 284 687 τεκοῦσα,
319 639 343 688 ἦ
362 637 525 690 μαστὸν
541 638 803 691 ἐπισχοῦσα,
837 638 889 687 ὦς
907 640 1142 693 Σοφοκλῆς.
1178 637 1314 682 Versu
1344 636 1499 697 quinto

36 717 339 764 scribendum:
375 719 442 762 ἐπ’
474 717 678 769 efisinam
709 717 778 761 vel
806 716 874 761 ἐπὶ
910 716 1070 768 ξεστοῖο
1100 742 1161 750 —-
1190 717 1354 773 πέτρου.
1417 717 1500 761 Ln-

35 799 103 859 pis
140 800 254 843 onim
288 798 567 858 sepulcralis,
602 799 645 842 in
685 813 783 857 quo*
815 797 899 841 hoc
933 799 1193 858 epigramma
1237 798 1497 858 insculptum

35 879 282 939 legebatur,
316 877 428 922 haud
460 878 594 922 dubie
620 877 766 930 ξεστός
800 878 901 923 suit.
951 878 1017 922 Ita
1045 878 1251 923 Pindarus
1277 878 1406 925 Nem.
1432 879 1496 930 X,

35 962 109 1006 67.
140 958 248 1004 ἔνθεν
277 958 543 1015 ἁρπάξαντες
579 957 751 1012 ἄγαλμ’
779 959 926 1009 Ἀΐδα,
959 957 1105 1010 ξεστὸν
1139 958 1301 1014 πέτρον.
1368 960 1440 1003 Vs.
1470 961 1496 1002 7

34 1039 165 1086 codex
190 1040 392 1095 άμέρσας.
455 1038 570 1084 Illud
597 1039 784 1084 restituit
812 1038 1032 1098 Scaliger,
1065 1053 1196 1099 quem
1238 1040 1373 1083 secuti
1399 1048 1498 1083 sunt

34 1121 275 1166 Brunckius
316 1130 359 1166 et
397 1120 638 1166 Lobeckius
678 1118 884 1165 Technol.
932 1135 977 1179 p.
1009 1123 1082 1165 54.
1145 1119 1198 1164 In
1241 1135 1305 1166 vs.
1334 1123 1362 1163 9
1400 1134 1498 1163 cor·

32 1209 207 1262 ruptum
242 1201 409 1246 videtur
440 1201 794 1256 καταχραίνοιτο,
828 1198 902 1245 sed
932 1199 1049 1259 quod
1084 1216 1161 1260 per
1188 1216 1232 1245 se
1259 1208 1496 1261 spectatum

33 1282 254 1343 probabile
286 1281 420 1326 videri
454 1284 587 1342 possit
624 1281 962 1337 καταρραίνοιτο,
1009 1281 1054 1325 id
1094 1290 1271 1342 propter
1301 1281 1495 1326 additum

32 1363 231 1418 ὑγραίνων
262 1362 392 1407 habet
422 1362 539 1423 quod
584 1362 824 1423 displiceat.
887 1363 1027 1407 Etiam
1073 1363 1156 1407 alia
1187 1370 1420 1407 occurrunt
1452 1363 1494 1407 in

34 1444 293 1503 Anthologia
322 1443 574 1503 Meleagrica
609 1444 828 1496 carmina,
862 1458 972 1502 quac
1011 1443 1197 1502 intelligi
1241 1452 1461 1503 nequeunt
1483 1476 1494 1495 ‚

37 1525 118 1567 nisi
148 1525 291 1567 animo
320 1524 400 1568 tibi
439 1524 640 1569 informes
669 1523 898 1583 imaginem
939 1521 1170 1583 anaglyphi
1205 1522 1359 1583 lapidis
1379 1557 1390 1575 ,
1424 1524 1495 1567 cui

34 1603 268 1664 subscripta
303 1603 494 1650 fuerunt.
557 1604 617 1649 Ut
658 1603 920 1663 epigramma
951 1602 1175 1663 Posidippi
1220 1603 1274 1649 A.
1306 1602 1354 1650 P.
1384 1603 1463 1648 Vll
1482 1636 1495 1657 ,

38 1685 139 1729 170.

152 1764 236 1808 Τὸν
264 1769 403 1819 τριετῆ
432 1762 636 1818 παίζοντα
666 1763 756 1819 περὶ
789 1763 922 1819 Φρέαρ
954 1762 1256 1818 Ἀρχεάνακτα

270 1843 432 1887 εἴδωλον
461 1846 629 1899 μορφᾶς
660 1844 798 1899 κωφὸν
827 1842 1102 1888 ἐπεσπάσατο
1122 1859 1132 1869 ·

151 1924 197 1968 ἐκ
223 1924 259 1968 δ’
285 1922 432 1974 ὕδατος
457 1924 528 1968 τὸν
557 1924 692 1968 παῖδα
712 1923 936 1979 διάβροχον
965 1922 1130 1979 ἅρπασε
1156 1924 1298 1981 μάτηρ

268 2003 535 2057 σκεπτομένα
565 2003 672 2058 ζωᾶς
703 2003 743 2048 εἴ
770 2021 866 2048 τινα
895 2010 1042 2060 μοῖραν
1074 2004 1164 2060 ἔχει
1179 2021 1191 2031 ·

153 2083 343 2140 Νύμφας
371 2085 407 2127 δ’
432 2085 505 2128 οὐκ
531 2085 694 2137 ἔμίηνεν
721 2085 741 2128 ὁ
768 2086 906 2137 νήπιος
923 2118 937 2135 ,
970 2086 1073 2130 ἀλλ’
1101 2087 1182 2130 ε’πῖ
1202 2087 1357 2139 γούνων

271 2165 427 2220 ματρὸς
454 2165 661 2218 κοιμαθεὶς
686 2166 757 2209 τὸν
782 2166 938 2221 μακρὸν
965 2165 1089 2211 ὕπνον
1118 2167 1226 2223 ἔχει.

36 2244 110 2289 Vs.
139 2245 167 2287 6
209 2244 342 2289 altero
386 2244 481 2288 loco
524 2247 566 2288 in
611 2244 763 2289 codice
803 2245 999 2291 Palatino
1029 2246 1217 2307 legitur:
1250 2250 1321 2294 τὸν
1358 2251 1494 2303 βαθὺν

34 2324 156 2370 ὕπνον
199 2324 315 2380 ἔχει,
350 2325 463 2386 quod
502 2324 628 2384 vulgo
668 2326 722 2369 ab
759 2325 994 2371 editoribus
1034 2337 1253 2388 receptum
1293 2340 1386 2384 est,
1420 2333 1492 2377 sed

32 2406 102 2450 τὸν
123 2406 280 2462 μακρὸν
307 2407 430 2450 unice
466 2414 631 2450 rectum
665 2405 818 2453 habeo.
885 2408 1094 2454 Ultimum
1127 2410 1342 2456 distichon
1381 2414 1493 2458 refe-

34 2486 213 2532 rendum
259 2486 310 2530 ad
351 2487 579 2546 imaginem
618 2488 880 2548 anaglyphi,
925 2491 967 2534 in
1017 2506 1103 2551 quo
1147 2493 1493 2553 conspiciebatur

35 2575 170 2611 mater
211 2567 346 2610 filium
382 2575 597 2611 mortuum
641 2568 683 2611 in
724 2569 818 2612 sinu
850 2569 1010 2618 fovens.
1075 2571 1236 2616 Eodem
1267 2588 1492 2618 recurren-

35 2648 134 2692 dum
183 2648 234 2691 ad
278 2647 577 2708 explicandum
625 2648 846 2693 Xenocriti
887 2653 1148 2711 epigramma
1196 2655 1247 2698 Α.
1291 2656 1339 2700 Ρ.
1372 2656 1488 2710 VII,

36 2730 139 2774 291.

156 2810 311 2853 Χαῖταί
341 2825 411 2852 σου
438 2809 655 2863 στάζουσιν
684 2810 737 2854 ἔθ’
766 2811 961 2867 ἁλμυρὰ,
996 2814 1162 2868 δύςμορε
1191 2816 1306 2870 κούρη

274 2891 426 2942 ναυηγὲ
446 2924 456 2939 ,
491 2891 689 2945 φθιμένης
723 2893 778 2936 εἰν
812 2892 882 2936 ἁλὶ
903 2927 914 2942 .
950 2895 1167 2945 Λυσιδίκη·
