1794 3412
663 252 928 292 -121-

8 403 9 407 =
72 378 123 422 In
155 376 309 436 quibus
337 377 375 419 τὶ
411 375 597 429 περισσόν
629 376 786 419 referas
819 375 868 418 ad
908 374 1073 424 εἰκόνα,
1111 387 1244 431 quum
1275 372 1364 429 ipsa
1397 370 1536 426 imago

7 448 9 451 ’
72 458 236 517 egregia
266 466 357 501 arte
385 457 600 501 elaborata
629 456 759 500 fuisse
791 455 999 501 videatur.

131 539 199 582 lta
228 539 272 582 in
303 546 439 582 statua
463 539 648 582 Eunomi
677 537 915 581 citharoedi
943 538 986 580 in
1020 535 1179 595 templo
1207 532 1417 593 Delphico
1437 564 1450 581 ‚
1483 530 1537 572 de

4 623 5 641 ³
71 619 192 662 cuius
227 620 455 679 periegetis
493 619 608 663 Plut.
643 618 696 661 de
733 617 862 676 Pyth.
913 616 1040 662 Orac.
1084 631 1124 660 c.
1156 614 1214 660 Π.
1258 612 1464 668 ἐπέραινον
1501 612 1535 654 οἱ

71 700 323 754 περιηγηταὶ
353 701 411 744 τα
442 698 790 752 συντεταγμένα,
824 698 952 751 μηδὲν
983 700 1095 750 ἡμῶν
1121 695 1416 752 φροντίσαντες
1448 694 1537 736 ἐπι-

71 787 215 835 τεμεῖν
244 781 325 831 τοὶς
356 783 489 835 ῥήσεις
520 781 603 825 καὶ
638 780 704 823 τὰ
746 779 917 823 πολλοὶ
955 783 1051 823 τῶν
1091 774 1537 832 ἐπιγραμματων,

71 877 253 921 quarum
299 863 623 921 inscriptionum
670 876 798 904 unam
850 860 1051 919 apposuit
1093 859 1148 901 de
1188 859 1348 916 Tranq.
1390 857 1532 900 Anim.

70 957 108 986 c.
139 945 182 987 6.
215 943 288 985 οὐκ
312 941 552 993 ’ἀνέγνωκας
579 939 646 984 οὖν
672 941 719 984 τὸ
747 940 1005 994 ἐπίγραμμα
1030 938 1078 982 τὸ
1105 939 1147 981 ἐν
1174 940 1387 991 Δελφοῖς·

187 1023 318 1076 ὑγροῖς
344 1021 415 1064 καὶ
443 1023 657 1076 τραφερᾶς
684 1020 892 1073 βασιλεὺς
917 1018 1052 1072 ςἈγίς
1078 1022 1127 1072 μ’
1150 1017 1343 1068 ἀνέθηκεν
1361 1050 1373 1066 ,

69 1103 179 1146 inter
214 1101 422 1161 plurimas
468 1102 570 1145 alias
600 1102 901 1161 inscriptiones
941 1100 1163 1159 legebatur
1199 1114 1371 1142 carmen
1419 1097 1534 1156 quod

66 1191 276 1227 servatum
305 1190 437 1226 exstat
466 1184 510 1226 in
542 1180 678 1228 Anth.
710 1182 802 1227 Pal.
828 1182 919 1235 lx,
955 1184 1059 1228 584.
1102 1182 1160 1230 εἷς
1187 1179 1378 1233 ἄγαλμα
1408 1177 1535 1222 Εὐνό-

67 1280 146 1316 μου
171 1267 242 1307 τοῦ
266 1263 479 1318 κιθαρῳδοῦ
504 1263 678 1311 ἑστῶτος
708 1264 750 1306 ἐν
776 1266 989 1318 Δελφοῖς,
1022 1261 1190 1316 ἔχοντος
1214 1260 1282 1304 ἐπὶ
1309 1269 1362 1318 τῇ
1390 1257 1537 1313 κιθάρα

67 1345 136 1388 καὶ
168 1345 238 1389 τὸν
264 1344 457 1397 μουσικὸν
482 1343 678 1397 τέττιγα.

184 1424 393 1478 Εὔνομον,
422 1427 672 1474 ”Ωπολλον,
706 1425 757 1468 σὺ
782 1424 859 1477 μὲν
883 1422 1001 1468 οἶσθά
1019 1440 1077 1476 με
1106 1427 1191 1473 πῶς
1219 1425 1312 1468 ποτ’
1335 1423 1472 1467 ἐνίκων

307 1505 495 1560 Σπάρτιν
526 1506 545 1548 ὅ
573 1505 724 1560 Λοκρὸς
757 1506 840 1557 ἐγώ
860 1521 870 1531 ·
903 1504 1161 1572 πευθομένοις
1188 1504 1223 1548 δ’
1255 1504 1398 1548 ἐνέπω.

188 1586 325 1630 αἰόλον
353 1587 394 1629 ἐν
422 1585 568 1642 κιθάρα
594 1586 714 1639 νόμον
746 1586 930 1641 ἔκρεκον·
963 1587 1006 1629 ἐν
1032 1585 1074 1630 δὲ
1105 1585 1294 1641 μεσεύσα

308 1667 392 1724 ᾠδᾷ
418 1684 487 1720 μοι
515 1667 669 1722 χορδαν
699 1670 912 1722 πλᾶκτρον
943 1667 1316 1722 ἀνεκρέμασεν·

187 1750 273 1792 καί
302 1765 372 1801 μοι
403 1748 594 1803 φθόγγον
625 1750 786 1800 ἑτοῖμον
812 1748 994 1792 ὁπανίκα
1024 1748 1161 1803 καιρὸς
1186 1749 1344 1804 ἀπῄτει

305 1834 362 1879 εἰς
394 1829 525 1879 ducebat,-
550 1830 705 1884 ῥυθμῶν
736 1828 934 1882 τώτρεκὲς
960 1829 1047 1871 οὐκ
1077 1827 1266 1880 ἔμενεν.

185 1910 258 1954 καί
287 1926 350 1958 τις
381 1910 460 1953 ἀπ’
485 1908 730 1962 αὐτομάτου
762 1907 930 1963 κιθάρας
961 1909 1030 1952 ἐπὶ
1058 1914 1200 1962 πῆχυν
1232 1908 1416 1958 ἐπιπτοὶς

303 1989 447 2042 τέττιξ
472 1991 649 2045 ἐπλήρου
680 1989 958 2039 τοῦλλιπὲς
990 1988 1188 2044 ἁρμονίας
1206 2022 1218 2039 ,
1253 1991 1341 2034 κτὲ.

66 2071 115 2114 In
150 2085 272 2114 versu
304 2080 458 2131 quarto
491 2071 598 2115 mihi
626 2071 735 2115 mire
763 2070 927 2114 dictum
961 2069 1156 2115 videtur:
1191 2075 1400 2126 πλῆκτρον
1426 2073 1531 2115 απε-

67 2151 246 2206 κρέμασε
276 2154 454 2207 χορδήν,
497 2168 577 2211 pro
619 2168 705 2211 quo
733 2151 910 2196 verbum
944 2152 1120 2210 requiro
1159 2151 1286 2211 quale
1327 2161 1390 2197 est
1422 2154 1532 2208 ἐκερ-

66 2230 274 2283 μοέτισεν,
316 2232 374 2277 cl.
410 2231 596 2290 Hesych.
631 2230 1011 2286 κατεκερμοέτισεν,
1044 2231 1323 2286 συνέθραυσεν.
1388 2234 1461 2279 Vs.
1489 2236 1532 2280 6.

66 2321 182 2356 recte
210 2320 317 2371 puto
346 2312 587 2356 Iacobsium
618 2311 887 2355 emendasse:
922 2312 995 2356 οὐκ
1021 2310 1191 2364 ἔνεμεν,
1228 2328 1412 2372 quorum
1440 2330 1533 2358 ver-

68 2392 222 2435 borum
255 2392 298 2435 in
327 2392 548 2435 codicibus
575 2391 918 2451 frequentissima
948 2400 1011 2435 est
1035 2392 1231 2436 confusio
1250 2427 1261 2445 ,
1296 2393 1367 2437 sed
1398 2410 1532 2454 quum

65 2471 215 2515 durius
260 2472 342 2515 hoc
373 2472 424 2515 ad
463 2472 702 2516 subiectum
732 2471 886 2527 χορδαν
915 2473 1155 2527 referatur,
1189 2475 1363 2534 insuper
1406 2477 1532 2520 initio

67 2567 210 2596 versus
253 2553 391 2612 quinti
433 2552 505 2596 καί
550 2554 802 2597 mutaverim
844 2554 886 2596 in
938 2569 1175 2612 pronomen
1217 2555 1443 2601 relativum
1486 2557 1530 2601 ἅ.

69 2633 141 2679 Vs.
170 2635 213 2678 8.
258 2633 479 2683 τούλλιπές
512 2650 561 2678 ex
590 2635 838 2678 criticorum
869 2634 1165 2680 emendatione
1203 2636 1246 2680 in
1277 2645 1436 2682 textum
1480 2639 1530 2682 il-

69 2714 202 2757 latum
250 2723 327 2759 est.
395 2715 536 2759 Codex
574 2714 803 2769 τώτρεκές,
841 2715 956 2775 quod
997 2731 1140 2760 errore
1184 2732 1231 2760 ex
1279 2733 1338 2763 vs,
1375 2721 1416 2761 6.
1463 2719 1533 2764 hic

72 2796 284 2854 irrepsisse
315 2805 484 2854 putant.
549 2796 761 2855 Equidem
797 2797 978 2854 cogitavi
1018 2813 1069 2841 an
1102 2798 1213 2842 forte
1245 2800 1395 2858 reponi
1431 2816 1531 2859 pos·

71 2883 131 2918 set
171 2876 378 2931 τώκρεκές.
457 2877 577 2932 Quod
624 2877 879 2922 adiectivum
921 2879 1094 2931 οὶκρεκνὶς
1140 2896 1161 2923 a
1202 2880 1332 2924 verbo
1380 2881 1529 2935 κρέκειν
