1794 3412
64 359 202 404 brevit
234 366 275 402 et
308 358 508 401 virtutem
544 355 705 399 ornarit
743 354 950 398 Philiscus
971 387 982 406 ,
1015 354 1226 398 indicatur
1260 367 1362 396 voce
1402 353 1526 405 ὕμνον

60 456 123 486 τε.
151 444 193 483 5.
256 438 306 482 In
334 436 519 481 secundo
550 434 736 479 distieho
765 434 1038 479 scribendum
1063 443 1195 495 puto:

184 520 240 572 τῷ
268 518 353 572 γαρ
380 518 422 566 ἐς
445 516 554 560 ἄλλο
582 533 621 560 τι
650 520 771 569 σῶμα
793 515 1112 571 μεθαρμοσθέντι
1141 517 1210 560 καὶ
1234 515 1379 564 ἄλλοις

242 601 284 642 ἐν
311 599 497 652 κόσμοισι
526 598 619 650 βίου
651 604 804 652 σχῆμα
835 597 1010 652 λαχόνθ’
1037 597 1169 652 ἕτερον
1202 600 1288 641 κτὲ.

63 681 172 726 Nam
201 681 295 733 βίου
322 685 445 733 σῶμα
481 681 672 739 ineptum
701 688 794 730 est,
830 680 900 722 sed
927 680 1021 731 βίον
1045 686 1199 734 σχῆμα
1227 679 1394 739 saepius
1425 677 1528 735 legi-

66 771 135 806 tur
164 772 212 806 ut
246 761 360 822 apud
386 762 490 805 Eur.
524 760 639 804 Med.
676 775 734 804 vs.
765 761 895 805 1039.
929 761 984 808 εἷς
1013 759 1121 803 ἄλλο
1148 759 1287 813 σχῆμ’
1314 757 1526 802 ἀποστάν-

65 859 134 892 τες
160 842 268 894 βίου.
335 842 491 884 Versus
531 848 669 883 sextus
707 839 860 898 partim
902 855 950 882 ex
994 840 1263 892 Marklandi,
1297 840 1454 899 partim
1479 854 1528 881 ex

8 978 9 981 Ἴ
64 921 393 981 Wyttenbaehii
422 921 633 964 sententia
663 919 913 963 emendatus
942 929 1020 964 est.
1086 919 1293 964 Codicum
1323 921 1529 964 lectiones

64 1010 188 1047 sunt:
222 1002 332 1045 δόντι
367 1000 675 1056 καταφθιμένου
700 999 768 1042 καὶ
797 1001 912 1055 σοφῷ
938 998 1158 1044 ἀθάνατον.
1226 1000 1281 1044 Et
1304 999 1419 1043 κατα
1448 999 1530 1043 hoc

7 1129 8 1138 ἱ
64 1098 186 1128 sensu
202 1077 392 1143 genitivo
409 1082 528 1140 iungi
551 1089 745 1132 constat,
779 1090 827 1124 ut
854 1080 982 1123 δύντα
1005 1081 1119 1124 κατὰ
1145 1081 1271 1133 βυθοῦ
1301 1079 1462 1126 Athen.
1480 1080 1500 1124 Ι
1517 1115 1527 1132 ,

64 1165 137 1209 22.
172 1163 215 1205 in
233 1163 308 1208 fin.
340 1162 463 1207 Paus.
480 1162 516 1203 V
533 1195 544 1214 ‚
571 1164 644 1206 25.
686 1165 725 1206 1.
759 1163 898 1212 ἧναῦς
916 1162 1120 1216 ἠφανίσθη
1138 1162 1254 1207 κατα
1279 1165 1353 1206 τοῦ
1369 1163 1495 1214 βυθοῦ
1516 1196 1527 1211 ,

65 1253 114 1288 nt
138 1242 299 1288 Herod.
328 1243 408 1287 Vll
429 1275 441 1295 ‚
473 1245 517 1287 6.
553 1244 597 1286 αἱ
636 1242 704 1286 ἐπὶ
734 1244 903 1296 Λήμνου
936 1244 1193 1296 ἐπικείμεναι
1225 1249 1334 1294 νῆσοι
1372 1245 1529 1299 ἀφανι-

0 1367 2 1380 }
63 1324 200 1378 ζοίατο
226 1324 340 1369 κατὰ
366 1330 441 1375 τῆς
465 1323 702 1374 θαλάσσης,
739 1324 854 1369 Plut.
886 1323 1037 1368 Moral.
1073 1341 1117 1384 p.
1145 1327 1226 1368 831
1261 1325 1311 1370 E.
1345 1326 1528 1369 ὠθεῖσθαι

0 1384 3 1472 l
62 1406 178 1454 κατὰ
193 1406 344 1459 βυθοῦ,
374 1404 599 1466 Philippus
629 1406 682 1451 A.
700 1406 747 1450 P.
765 1405 874 1458 Vll,
895 1407 998 1450 382.
1025 1409 1068 1450 5.
1102 1405 1331 1459 ἢτύμβευε
1350 1409 1532 1450 κανοῦσα

0 1487 3 1560 ζ
63 1487 155 1530 καθ’
197 1484 370 1536 ὕδατος,
419 1487 475 1532 cl.
525 1487 713 1532 Meinek.
774 1486 944 1532 Delect.
989 1486 1137 1544 Epigr,
1187 1503 1232 1546 p.
1265 1489 1366 1532 129.
1446 1486 1532 1531 Sed

0 1565 1 1607 ἓ
65 1566 186 1611 valde
210 1566 364 1610 dubito
397 1581 499 1610 num
526 1567 687 1610 mortui
715 1566 801 1609 dici
829 1566 991 1626 possint
1019 1567 1134 1610 δῦναι
1167 1567 1282 1610 κατὰ
1307 1567 1531 1622 Φθιμένων.

68 1647 207 1703 Quare
235 1647 431 1705 corrigo:

275 1726 394 1779 δῶμα
423 1726 539 1769 κατὰ
568 1726 774 1781 φθιμένων
806 1751 866 1758 -—-
895 1727 1088 1783 ἀθανάτῳ
1105 1762 1117 1777 ,

64 1807 118 1854 de
159 1807 338 1866 reliquis
379 1807 674 1867 ampliandum
718 1816 848 1854 ratus.
920 1808 966 1852 Si
1014 1810 1150 1868 igitur
1190 1823 1314 1854 unam
1350 1825 1530 1871 excepe-

67 1889 125 1933 ris
168 1889 387 1948 Euripidis
432 1889 610 1948 elegiam
641 1889 830 1933 flebilem
867 1890 908 1932 in
940 1890 1156 1950 tragoedia
1200 1891 1530 1946 Andromache,

67 1969 232 2015 nullum
262 1970 352 2014 fere
380 1979 478 2014 ante
508 1969 783 2014 Parthenium
816 1987 838 2014 a
872 1972 1010 2031 poetis
1045 1972 1216 2016 Graecis
1248 1988 1420 2018 carmen
1445 1974 1533 2019 ele-

66 2051 230 2111 giacum
254 2052 459 2111 scriptum
487 2053 674 2111 reperies
702 2067 790 2111 quo
826 2053 1142 2097 miserationem
1179 2070 1350 2099 movere
1382 2057 1535 2099 studu-

68 2132 195 2178 erint.
257 2132 348 2175 Iam
392 2147 492 2175 vero
524 2134 559 2176 si
585 2134 753 2191 quaeris
784 2133 899 2177 unde
929 2136 1165 2179 manaverit
1192 2138 1432 2180 communis
1462 2138 1534 2181 illa

69 2220 114 2256 et
147 2211 394 2271 pervulgata
427 2212 537 2255 fama
569 2212 622 2255 de
651 2213 825 2272 lugubri
859 2214 1091 2272 elegiarum
1124 2226 1377 2275 argumento
1398 2251 1408 2270 ‚
1442 2233 1534 2261 ma-

71 2293 181 2336 xime
205 2293 315 2336 inter
342 2293 595 2336 recentiores
629 2308 772 2352 sparso
801 2308 848 2336 ex
876 2292 1018 2336 Ovidii
1051 2295 1271 2340 versibus:

191 2373 369 2417 Flebilis
396 2372 589 2432 indignos
609 2407 619 2425 ‚
656 2373 827 2432 Elege’ia
845 2408 856 2426 ,
890 2374 1004 2418 solve
1034 2375 1211 2434 capillos
1233 2410 1242 2427 ,

253 2454 305 2497 ah
336 2456 460 2498 nimis
491 2471 539 2498 ex
567 2471 666 2498 vero
698 2470 811 2498 nunc
839 2456 917 2498 tibi
939 2472 1095 2500 nomen
1127 2461 1237 2509 erit,

72 2535 270 2596 equidem
305 2535 429 2579 huius
461 2538 524 2579 rei
555 2551 698 2579 causas
743 2535 846 2579 hinc
873 2539 1122 2597 repetendas
1153 2548 1276 2599 puto.
1341 2542 1441 2585 Fuit
1468 2543 1534 2586 in-

73 2626 137 2662 ter
164 2617 481 2676 antiquissimos
514 2617 693 2661 Graecos
738 2617 887 2662 modus
915 2620 1096 2663 canendi
1127 2622 1176 2664 ad
1217 2623 1364 2666 tibiam
1397 2624 1535 2667 dictus

68 2699 279 2751 Ἔλεγος,
316 2698 369 2741 de
396 2715 481 2758 quo
512 2698 767 2743 Plutarchus
801 2699 852 2742 de
887 2700 1036 2745 Music.
1070 2717 1109 2746 c.
1146 2706 1188 2748 4.
1219 2706 1252 2746 οἱ
1286 2705 1326 2747 δὲ
1361 2705 1471 2757 νόμοι
1500 2708 1533 2749 οἱ

77 2779 187 2839 κατᾷ
212 2779 403 2827 τούτους,
439 2778 572 2831 ὦγαθὲ
601 2780 922 2834 Ὀνησίκρατες,
957 2783 1168 2837 αὐλῳδικοὶ
1204 2783 1327 2834 ἦσαν,
1365 2786 1534 2830 Ἀπόθε-

80 2875 176 2909 τος,
219 2863 398 2912 ’'Emm-
420 2895 430 2909 ‚
487 2860 734 2916 Κωμάρχιος
756 2897 765 2910 ,
819 2865 1014 2916 Σχοινίων
1035 2899 1044 2914 ,
1095 2867 1257 2915 Κηπίων
1277 2901 1287 2916 ‚
1340 2870 1535 2922 Τετραοί-

201 2951 226 2981 0
