1794 3412
636 294 904 334 -205—

40 425 171 468 Versu
201 423 352 483 quinto
384 419 491 463 mihi
533 416 812 478 improbanda
855 413 1021 459 videtur
1069 411 1303 457 Hermanni
1343 411 1495 455 conie-

37 514 156 549 ctura
189 504 262 564 qui
298 505 341 547 in
373 515 551 546 censura
592 499 792 544 Delectus
826 495 1086 542 Meinekiani
1118 492 1272 538 Annal.
1306 492 1497 538 vindob.

38 595 69 631 t.
98 585 213 630 CIV.
253 599 297 644 p.
331 585 435 628 250.
482 581 694 625 coniecit:
741 577 952 631 πνεύματι
984 580 1102 629 γυῖα.
1167 573 1324 619 Sensus
1350 574 1496 619 enim:

38 664 165 710 Oculi
206 673 327 708 erent
374 661 546 706 tremuli
589 669 631 704 et
665 658 946 702 volvebantur
977 665 1025 700 ut
1057 655 1159 699 folin
1202 669 1311 715 quae
1349 662 1502 698 ventus

38 746 123 790 huc
156 746 261 789 illuc
288 745 434 788 iactat.
499 740 581 786 Sed
612 747 862 800 corruptum
897 747 960 782 est
981 736 1169 787 ἄνθεσιν,
1200 734 1317 796 'quod
1350 749 1502 796 parum

39 827 238 887 congruit
262 840 359 869 cum
386 823 526 867 verbis
564 836 706 865 versus
741 820 899 880 primix
948 818 1047 873 ὑπὲρ
1083 816 1259 871 λεχέων.
1321 816 1503 860 Lectum

37 909 151 952 enim
185 907 386 950 foliorum
419 919 609 949 rosarum
648 901 941 959 Sybariticum
972 899 1055 942 hoc
1084 898 1181 942 loco
1219 912 1305 942 non
1344 895 1507 941 intelli-

38 989 169 1047 gitur.
235 985 483 1043 Col-rigam:
534 1021 537 1023 ,

275 1062 430 1119 ἅψεα-ιν
460 1064 502 1106 ἐν
531 1066 718 1117 χλοεροῑς
750 1058 961 1109 ἀθάνατος
994 1057 1170 1112 γέγονα.

99 1147 291 1192 Incertus
333 1160 374 1191 c.
406 1147 480 1189 832

156 1226 244 1272 Εἴθ’
275 1225 426 1280 ἄνεμος
457 1223 663 1278 γενόμην,
698 1223 749 1267 σὺ
777 1222 818 1266 δὲ
850 1221 897 1272 δὴ
929 1219 1160 1274 στείχουσα
1191 1220 1307 1273 παρ’
1340 1216 1508 1269 αὐγάς

279 1306 433 1358 στήθεα
463 1303 704 1358 γυμνώσαις
736 1303 810 1347 καί
838 1319 894 1356 με
926 1301 1103 1346 πνέοντα
1134 1298 1300 1353 λάβοις.

43 1389 181 1434 Verba
219 1388 320 1442 παρ’
345 1384 488 1442 αὖγοές
530 1384 688 1428 nemini
722 1382 944 1427 offensioni
988 1382 1164 1425 fuerunt
1204 1387 1302 1424 ante
1347 1378 1510 1423 Meine·

44 1472 161 1515 kium
205 1485 250 1528 p.
284 1469 388 1512 229.
433 1466 508 1526 qui
556 1471 690 1508 tentat
739 1465 838 1518 παρ’
879 1462 1047 1513 ἀκτάς,
1095 1461 1243 1505 addito
1292 1458 1508 1519 vulgatam

45 1551 288 1611 significare
315 1561 438 1608 posse
486 1544 703 1605 »prodire
736 1548 778 1588 in
811 1543 986 1587 luminis
1015 1548 1186 1588 auras.”
1252 1542 1387 1599 Quem
1414 1556 1511 1584 sen·

46 1647 138 1676 sum
166 1629 240 1673 hic
271 1629 396 1672 unice
428 1634 575 1687 aptum
607 1634 712 1684 puto
731 1657 743 1677 ,
777 1623 848 1669 sed
882 1625 940 1668 ita
973 1622 1276 1667 scribendum:
1310 1622 1408 1677 πρὸς
1435 1621 1514 1665 αὖ·

43 1711 159 1766 γάς,
205 1718 253 1754 ut
292 1708 390 1764 πρὸς
427 1710 517 1763 φῶς
555 1704 618 1750 ἴτε
656 1703 813 1752 Aesch.
855 1705 979 1749 Eum.
1008 1706 1112 1749 991.
1175 1703 1295 1747 Idem
1326 1701 1514 1747 coniecit

50 1794 335 1837 Hermannus.

108 1871 322 1917 Diodorus
353 1870 487 1914 zonas
520 1883 560 1914 c.
594 1870 696 1913 122.

164 1954 237 2003 Μὴ
260 1951 311 1996 σύ
327 1967 380 2004 γε
396 1950 494 2004 μηδ’
510 1951 548 1993 εἴ
570 1964 631 1993 τοι
648 1948 757 1992 πολὺ
782 1947 1026 2003 φέρτερος
1057 1946 1212 1990 εἴδετ’
1238 1948 1330 1989 ἀπ’
1357 1945 1515 1990 ὅσσων

285 2029 532 2088 ἀμφοτέρων
564 2032 723 2073 κλεινοῦ
742 2062 754 2078 ,
789 2030 932 2083 κοῦρε,
967 2026 1334 2079 Μεγιστοκλέους,

169 2115 242 2166 κῆν
273 2112 429 2169 oriae„
460 2111 682 2165 Χαρίτεσσι
708 2107 981 2161 λελουμένος,
1014 2106 1362 2162 οἱμφιδοναίης

287 2194 357 2237 τὸν
384 2191 511 2235 καλόν
533 2206 543 2215 ·
576 2192 620 2234 οὐ
652 2189 737 2244 γὰρ
768 2189 787 2232 ὃ
821 2193 923 2236 παῖς
950 2188 1067 2238 ἤπιος
1099 2187 1181 2251 οζιδ’
1208 2186 1391 2237 ἄκακος,

170 2273 290 2327 ἄλλα
319 2271 458 2325 μέλων
484 2274 675 2313 πολλοῖσι
708 2267 775 2311 καὶ
809 2270 881 2312 οὐκ
913 2267 1132 2316 ἀδίδακτος
1160 2268 1336 2322 ἐρώτων·

290 2354 364 2404 τὴν
394 2350 546 2408 φλόγα
571 2349 740 2406 ῥιπίζειν
767 2348 900 2392 δείδιθι
929 2347 1126 2401 δαιμόνιε.

53 2437 186 2482 Versu
233 2437 372 2496 primo
417 2432 550 2477 codex
594 2431 840 2475 Palatinus:
888 2428 1041 2474 εἴδεται
1080 2428 1233 2479 ὄσσων,
1283 2428 1399 2489 quod
1446 2429 1517 2473 Ia-

53 2517 222 2561 cobsius
266 2531 352 2559 non
393 2521 510 2558 recte
556 2509 842 2556 emendavisse
879 2509 1062 2557 videtur.
1127 2510 1331 2555 Probavit
1374 2518 1516 2555 tamen

54 2599 142 2642 eius
192 2596 480 2640 coniecturam
539 2591 778 2636 Meinekius
825 2606 869 2650 p.
915 2593 1015 2637 189.
1064 2591 1139 2651 qui
1183 2598 1403 2651 praeterea
1453 2591 1516 2635 of-

57 2679 197 2722 fensus
233 2692 284 2720 eo
324 2673 439 2734 quod
486 2687 627 2732 neque
673 2686 826 2715 nomen
874 2673 997 2731 pueri
1042 2672 1168 2715 amati
1209 2688 1230 2714 a
1276 2680 1400 2731 poeta
1447 2687 1517 2731 np-

56 2760 243 2819 positum
299 2757 353 2799 sit
397 2756 517 2815 isque
557 2754 632 2813 qui
678 2752 903 2796 insidiatur
953 2752 1015 2795 illi
1066 2754 1233 2812 etipse
1279 2751 1519 2812 appelletur

56 2842 215 2893 κοῦρος,
249 2846 292 2882 et
330 2834 577 2892 ἀμφοτέρων
606 2834 732 2895 plane
774 2835 883 2878 iners
921 2833 1141 2878 oculorum
1185 2833 1405 2893 epitheton
1438 2849 1519 2893 pu·

63 2929 153 2962 tans
189 2919 394 2962 coniecit:
