1794 3412
636 276 966 318 -199—-⁴

41 406 112 450 vs.
143 407 184 449 4.
219 402 489 447 membranae
525 400 728 446 exhibent
760 400 876 461 quod
906 397 1164 446 exarandum
1190 396 1350 441 curavi.
1414 393 1496 437 Le-

38 485 223 528 ctionem
254 491 499 543 corruptam
530 482 713 526 feliciter
741 482 903 524 sanavit
933 480 1175 525 lacobsius:

278 564 407 619 ἁβρὸν
440 563 538 618 ὑπὲρ
572 563 695 607 νώτου
727 561 895 606 κυανέου
926 558 1119 614 γελάσας

39 646 120 689 nisi
148 644 263 706 quod
294 661 488 704 praesens
516 649 651 698 γελῶν
680 644 750 687 hic
781 644 865 687 loci
898 642 1059 702 requiri
1088 639 1275 685 videtur.
1341 637 1499 683 Confer

40 727 166 770 verba
195 727 247 771 de
280 742 414 786 puero
446 742 574 785 quem
598 741 695 769 cum
721 726 826 768 mari
858 731 1076 784 comparat
1104 731 1229 782 poeta
1254 722 1336 780 Ep.
1373 719 1428 763 A.
1449 718 1498 762 Ρ.

42 807 153 860 XII,
192 810 292 854 156.
321 811 364 852 3.
407 806 564 851 ἄλλοτε
591 806 626 850 δ’
656 803 761 850 αὖτε
790 804 943 855 εὔδιος,
977 803 1094 859 ἁβρὰ
1132 805 1268 855 γελῶν
1295 801 1329 844 δ’
1361 798 1501 853 ὄμμα-

40 905 103 932 σιν
128 887 370 942 ε’κκὲχυσοιι.
433 887 697 931 Sententiam
724 886 869 929 ultimi
897 883 1070 928 distichi
1098 883 1202 926 olim
1235 881 1346 925 hanc
1374 880 1504 923 fuisse

39 976 171 1028 puto:
225 983 253 1010 »
271 968 364 1011 Hoc
402 966 563 1025 templo
611 965 726 1024 quod
771 965 964 1009 Postumi
1002 964 1119 1007 iussu
1178 963 1260 1006 tibi
1302 961 1505 1004 aedifica-

43 1058 131 1092 tum
153 1081 164 1102 ,
209 1055 385 1108 propter
426 1047 631 1106 pietatem
668 1045 903 1090 conditoris
940 1045 1071 1104 magis
1103 1059 1230 1104 quam
1267 1043 1358 1104 ipsa
1399 1041 1505 1086 urbe

42 1129 123 1174 tibi
164 1128 444 1173 delectissime
483 1127 631 1188 Papho
670 1127 962 1187 gloriaber0.”
1030 1126 1169 1184 Quare
1207 1124 1383 1185 scripsi:
1427 1124 1504 1178 νηῷ

41 1210 110 1255 τὸν
127 1242 140 1260 ‚
174 1209 246 1253 sed
272 1209 401 1254 verba
427 1209 578 1252 ultima
601 1207 758 1264 μέζονα.
789 1212 943 1265 <paona-1
974 1206 1129 1264 Πάφου
1155 1206 1264 1251 mihi
1296 1206 1360 1250 vix
1384 1221 1507 1250 sana·

44 1291 149 1335 bilia
191 1290 406 1335 videntur.
472 1289 631 1334 Confer
676 1289 900 1336 Addaeum
944 1290 998 1337 Α.
1029 1289 1078 1336 P.
1108 1289 1221 1343 VII,
1255 1290 1360 1337 238.
1394 1293 1438 1335 3.
1471 1289 1506 1333 εἰ

44 1372 87 1417 δέ
117 1389 178 1424 τις
210 1372 344 1428 αὐχεῖ
367 1370 506 1428 μεῖζον
536 1372 653 1427 ἐμεῦ.
