1794 3412
920 275 1178 315 -182-

339 404 420 439 tres
459 396 581 439 simul
619 396 772 453 gratias
811 395 1127 453 rependimuS.''
1194 397 1389 440 Eiusdem
1436 398 1647 455 Antipatri
1678 412 1767 441 car-

337 491 431 519 men
461 476 503 517 in
533 471 746 517 Bacchum
774 473 906 518 Anth.
940 475 1057 518 Plan.
1092 477 1189 520 184.

455 552 631 606 Αύσονίῳ
659 552 827 596 Πείσωνι
854 557 1131 604 συνασπιστὴς
1165 555 1352 603 Διόνυσος

570 630 736 686 ἵδρυμαι
766 631 958 686 μεγάρων
987 635 1152 687 φρουρὸς
1183 635 1249 676 ἐπ’
1280 634 1474 689 εὐτυχίῃ·

454 709 566 762 ἄξιον
595 708 624 753 ὦ
652 711 811 755 Διόνυσ’
841 711 994 764 ἐπέβης
1026 711 1145 764 δόμον
1163 726 1175 738 ·
1204 712 1376 767 ἔπρεπεν
1406 712 1536 767 ἄμφω

573 789 642 833 καὶ
675 790 855 845 μέγαρον
887 790 1039 844 Βάκχῳ
1071 790 1140 834 καὶ
1172 791 1334 846 Βρόμιος
1366 791 1562 846 μεγάρῳ,

336 867 562 912 Simulacri
607 868 694 912 basi
738 857 986 929 inscriptum
1027 871 1155 914 fuisse
1203 871 1478 929 intelligimus
1521 871 1768 929 comparatis

335 947 474 991 Procli
504 947 689 992 versibus
715 963 738 990 a
769 949 976 992 Dorvillio
1008 948 1132 992 editis
1161 950 1274 1008 App.
1306 951 1398 1008 Ep.»
1417 951 1489 994 69.

452 1027 636 1079 Ῥηγίνου
660 1027 894 1082 μελάθροισι
924 1028 992 1071 τὸν
1020 1029 1196 1077 εὖαστῆν
1224 1027 1413 1071 Διόνυσον

567 1106 724 1161 δέρκεο,
755 1106 938 1163 δεξιτερᾷ
969 1107 1075 1161 χειρὶ
1108 1106 1424 1161 κυπελλοφόρον.

449 1186 596 1237 ξανθὴν
620 1188 696 1239 μὲν
726 1187 1020 1241 σφίγγοντα
1052 1188 1252 1240 καρήατος
1282 1185 1416 1230 αἴθοπι
1449 1188 1572 1239 κισσῷ

566 1266 722 1319 χαίτην
751 1265 820 1309 καὶ
847 1271 946 1320 λαιῇ
976 1264 1210 1320 θυρσοφόρον
1236 1263 1440 1319 παλάμῃ,

449 1343 604 1396 βαπτὰ
628 1343 671 1388 δὲ
701 1343 848 1388 πέπλοι
876 1343 1055 1399 φέροντα
1079 1343 1192 1387 κατὰ
1221 1343 1340 1398 χροὸς
1370 1341 1519 1395 αἵματι
1549 1343 1702 1397 κόχλου

570 1422 638 1466 καὶ
672 1424 841 1472 marku
871 1421 1058 1476 νεβρίδων
1087 1423 1332 1477 ἀμφικρεμῆ
1362 1421 1582 1475 χλαμύδα.

449 1500 574 1545 αὐτὸν
603 1499 770 1554 Βάκχον
799 1499 963 1544 ἄνακτα
992 1500 1123 1553 δόμων
1150 1499 1308 1544 ἔντοσθε
1338 1499 1523 1554 δέδορκας

567 1578 749 1631 εὖξείνων
766 1613 778 1629 ,
812 1581 959 1634 εὐχαῖς
990 1578 1105 1624 ἵλαον
1134 1579 1329 1624 ἑσταότα.

331 1659 384 1705 In
423 1673 506 1719 qua
544 1659 818 1717 inscriptione
859 1659 1093 1718 elegantiae
1123 1667 1166 1702 et
1193 1658 1391 1702 dictionis
1432 1666 1627 1702 venustae
1659 1658 1768 1702 doti·

333 1739 414 1782 bus
438 1739 663 1797 conspicua
685 1745 934 1797 corruptum
956 1747 1020 1782 est
1046 1735 1304 1792 σφίγγοντα.
1370 1738 1508 1794 Quum
1533 1738 1643 1781 enim
1666 1738 1768 1782 Bac-

331 1817 435 1862 chus
462 1818 606 1861 dextra
642 1825 782 1861 teneat
822 1817 1050 1876 poculum,
1083 1817 1213 1861 altera
1246 1816 1438 1875 thyrsum
1470 1817 1559 1874 ipse
1590 1815 1766 1861 hederae

331 1910 531 1940 coronam
569 1905 737 1940 nectere
766 1891 849 1939 non
887 1905 1040 1954 potest.
1109 1895 1416 1954 Corrigendum
1448 1895 1604 1953 igiturz
1637 1899 1767 1950 σφιγ-

331 1974 501 2030 χθέντα.
562 1974 646 2018 Sed
682 1975 733 2018 ad
771 1983 994 2033 patronum
1034 1975 1238 2033 scriptum
1267 1974 1433 2017 videtur
1467 1973 1655 2018 eiusdem
1683 1976 1769 2019 An-

331 2054 479 2114 tipatri
520 2054 774 2112 epigramma
816 2054 868 2096 A.
901 2053 949 2097 Ρ.
976 2052 1065 2104 lx,
1101 2055 1172 2097 59.
1233 2053 1504 2111 Inscriptioni
1545 2061 1685 2096 autem
1725 2055 1766 2097 in

332 2141 487 2177 statuas
517 2132 705 2191 quinque
733 2130 970 2188 Thyiadum
1000 2145 1125 2189 quam
1157 2130 1284 2173 modo
1314 2130 1624 2174 emendavimus
1652 2147 1767 2175 com·

330 2211 540 2272 parandae
580 2205 679 2253 sunt
713 2209 820 2253 duae
857 2209 991 2260 aliae,
1036 2209 1164 2253 altera
1216 2210 1490 2252 Anacreontis
1526 2210 1580 2254 A.
1606 2209 1654 2255 P.
1685 2211 1767 2263 VI,

334 2294 435 2337 134.
467 2300 510 2335 et
541 2290 691 2334 Glauci
726 2289 988 2334 Atheniensis
1016 2289 1074 2333 lx
1096 2322 1108 2340 ‚
1136 2291 1237 2334 774.
1300 2290 1354 2334 Et
1376 2289 1649 2333 Anacreontis
1673 2292 1766 2349 qui-

333 2369 428 2415 dem
461 2381 629 2413 carmen
662 2368 830 2412 tabulae
856 2369 993 2426 pictae
1020 2368 1270 2426 inscriptum
1302 2367 1436 2411 videri
1463 2369 1618 2427 possit:

450 2452 501 2492 Ἡ
531 2448 599 2492 τὸν
629 2448 764 2502 θυρσὸν
792 2446 933 2500 -ἔχουσ’
964 2447 1200 2494 Ἑλικωνιας
1233 2446 1257 2496 2‘4'
1282 2461 1327 2488 τε
1358 2446 1455 2499 παρ’
1481 2447 1608 2495 αὐτὴν

568 2529 777 2576 Ξανθίππη
808 2527 975 2574 Γλαύκη
1009 2529 1047 2568 τ’
1079 2528 1135 2574 εἷς
1167 2526 1285 2579 χορὸν
1315 2526 1542 2579 ἐρχόμεναι·

451 2607 496 2657 ἕξ
526 2605 628 2660 ὄρεος
653 2609 827 2659 χωρεῦσι
861 2605 1047 2658 Διωνύσῳ
1078 2605 1118 2646 δὲ
1149 2605 1335 2658 φέρουσιν

569 2686 704 2728 κισσὸν
730 2684 798 2727 καὶ
832 2685 1078 2738 σταφυλὴν,
1113 2685 1232 2726 πίονα
1262 2685 1330 2726 καὶ
1357 2685 1547 2737 χίμαρον.

330 2765 413 2811 Sed
440 2765 522 2810 hoc
553 2773 649 2808 utut
679 2766 762 2815 sit,
799 2764 900 2806 salso
945 2766 1053 2807 inter
1079 2762 1367 2813 οὶναθκματικοέ
1395 2763 1645 2806 collocatum
1674 2778 1761 2807 esse

330 2846 483 2904 liquet.
548 2846 661 2902 Quae
694 2844 791 2887 olim
821 2843 869 2886 de
910 2842 988 2886 hoc
1019 2843 1200 2885 carmine
1238 2842 1409 2900 scripsi,
1444 2856 1555 2885 nunc
1585 2843 1761 2902 repudio
