1794 3412
926 269 1190 309 -112—

350 401 627 451 nterpretatus
671 399 788 433 erat:
838 405 988 448 »quae
1021 391 1127 432 viros
1164 390 1276 446 cogit
1315 404 1462 432 aurum
1509 391 1586 447 ipsi
1629 390 1764 433 effun-

332 471 456 523 dere,
500 471 608 512 viros
638 469 779 525 itaque
814 471 1100 525 emungens‚''
1134 476 1276 525 postea
1315 467 1356 509 in
1400 467 1509 512 Add.
1544 468 1594 509 ad
1627 469 1680 513 A.
1711 469 1760 514 Ρ.

331 549 510 591 coniecit
540 547 845 600 ἀμεργομέννιν,
881 546 1026 589 eodem
1057 546 1143 588 fere
1173 561 1309 589 sensu.
1345 545 1498 589 Contra
1526 547 1761 590 Meinekius

330 627 380 668 ad
412 626 505 669 Del.
536 627 680 684 Epigr.
714 641 759 683 p.
792 626 871 666 187
906 639 1068 667 versum
1102 624 1255 667 iniuria
1286 626 1329 667 in
1360 626 1452 667 vitii
1483 626 1761 683 suspicionem

329 705 556 748 adductum
588 719 674 747 esse
696 705 867 747 statuit:
899 703 1212 747 Sthenelaidem
1238 704 1350 747 enim
1376 704 1426 746 iis
1450 705 1522 764 qui
1543 705 1630 747 eius
1660 719 1762 748 con·

329 783 593 828 suetudinem
634 790 904 841 appeterent,
946 781 1114 825 divitias
1153 797 1243 824 suas
1278 797 1326 825 ex
1360 784 1546 840 corporis
1588 792 1764 841 quaestu

327 862 525 906 collectas
550 861 733 912 iactare,
767 876 852 919 quo
886 861 1018 903 maius
1047 861 1302 904 amatoribus
1329 862 1511 920 pretium
1540 870 1764 921 extorque-

327 949 407 985 ret.
472 941 604 985 Multa
633 950 729 983 sunt
764 955 870 998 quae
906 940 1005 982 huic
1034 941 1372 998 interpretationi
1413 941 1595 986 obstant.
1657 942 1763 985 Ver-

326 1023 429 1064 bum
457 1021 566 1063 enim
589 1020 809 1072 βούλεσθαι
837 1021 879 1063 in
909 1035 952 1062 re
975 1020 1162 1063 Venerea
1191 1019 1343 1063 dicitur
1366 1019 1418 1063 de
1450 1036 1614 1064 assensu
1641 1021 1764 1079 puel-

328 1102 490 1151 larum,
525 1113 701 1158 quarum
739 1099 1012 1141 concubitum
1053 1099 1236 1157 expetiS,
1270 1114 1352 1141 non
1386 1099 1437 1141 de
1469 1099 1757 1150 amatoribus;

325 1195 364 1223 v.
402 1179 452 1221 A.
481 1178 528 1221 Ρ.
555 1179 619 1228 V,
655 1180 726 1221 42.
761 1180 802 1222 2.
847 1177 957 1226 XII,
993 1179 1064 1221 29.
1103 1180 1139 1222 l.
1175 1179 1277 1222 205.
1313 1179 1356 1221 2.
1391 1177 1439 1219 ad
1469 1192 1594 1235 quem
1621 1178 1762 1222 locum

324 1257 535 1301 Iacobsius
567 1257 710 1300 Anim.
746 1265 777 1299 t.
808 1255 845 1298 X
867 1289 877 1308 ‚
912 1271 954 1314 p.
973 1258 1045 1300 92.
1079 1256 1300 1315 adscripsit
1328 1258 1652 1308 Aristaenet.1,
1691 1260 1760 1303 16.

323 1336 619 1390 προςεγέλασεν
662 1335 732 1386 ἡδὺ
781 1336 848 1378 καὶ
892 1334 936 1384 ἦν
978 1334 1136 1389 σφόδρα
1176 1336 1424 1388 βουλομένης
1463 1337 1509 1379 τὸ
1549 1337 1759 1389 βλέμμα,

324 1416 436 1459 unde
464 1417 507 1457 in
535 1415 679 1473 Epigr.
717 1415 768 1459 A.
798 1415 843 1456 P.
874 1414 937 1465 V,
971 1416 1072 1458 286.
1106 1418 1148 1458 7.

441 1497 583 1546 μοῦνον
614 1493 694 1544 ἐγὼ
720 1492 928 1546 χαρίεσσαι
954 1493 1043 1536 τεὸν
1072 1493 1199 1545 δέμας
1230 1494 1370 1545 ἀγκὰς
1401 1494 1540 1545 ἑλίξας

558 1571 780 1623 θελγοίμην
810 1572 877 1614 ἐπὶ
907 1576 989 1620 σοῖς
1021 1570 1150 1625 ἅψεσι
1181 1572 1484 1625 βουλόμενος

321 1660 470 1711 poetae
513 1651 676 1694 reddidi
725 1651 990 1703 βουλομένης.
1067 1653 1285 1695 Praeterea
1332 1653 1481 1705 χρυσὸν
1527 1652 1759 1706 ε’ρεύγεσθαι

325 1732 525 1774 translato
554 1746 673 1774 sensu
700 1730 861 1774 dictum
887 1731 1042 1774 Graece
1071 1747 1154 1774 non
1188 1732 1420 1789 significare
1453 1731 1617 1775 videtur
1649 1749 1676 1774 >›
1694 1732 1760 1775 di-

322 1810 442 1852 vitias
471 1811 626 1852 iactare
644 1811 672 1828 ''
708 1810 774 1852 sed
819 1811 1081 1867 »praedives
1112 1813 1249 1853 esse.’'
1314 1809 1517 1868 Compara
1563 1811 1758 1854 Nicoma-

325 1888 452 1930 chum
485 1887 691 1931 Athenaei
717 1888 803 1938 xl,
836 1889 916 1929 781
953 1888 1002 1931 F.
1035 1886 1063 1929 ὦ
1093 1894 1215 1941 χαῖρε
1241 1888 1534 1942 χρυσόκλυστα
1564 1890 1631 1932 καὶ
1658 1906 1758 1944 χρυ-

320 1970 413 2015 σοῦς
430 1968 559 2018 ἐμῶν,
593 1968 667 2009 ubi
695 1966 961 2009 scribendum
989 1965 1175 2009 videtur:
1210 1967 1518 2020 χρυσόκλυστε,
1552 1978 1594 2012 et
1622 1970 1759 2028 ipsum

324 2045 585 2098 Athenaeum
612 2045 715 2095 XV,
748 2047 828 2088 601
867 2044 916 2090 G.
947 2044 1127 2092 Εὔπολις
1148 2059 1158 2068 ·
1194 2043 1400 2096 »σάγδαν
1432 2045 1758 2099 ἐρυγγάνοντα”

322 2125 478 2176 λέγων,
511 2122 605 2178 ὅπερ
637 2125 655 2166 ὃ
688 2124 951 2178 Θυατειρηνὸς
978 2123 1198 2177 Νίκανδρος
1230 2123 1297 2166 ἐπὶ
1336 2127 1406 2167 τοῦ
1437 2123 1551 2175 ἄγαν
1587 2125 1758 2178 χλιδῶν-

322 2220 388 2252 τος
415 2204 589 2257 εἰρῆσθαι
616 2202 766 2247 ἀκούει.
832 2202 894 2245 Ad
925 2202 1104 2246 eundem
1142 2201 1313 2245 modum
1350 2203 1499 2256 χρυσὸν
1526 2204 1761 2257 ἐρυγγάνων

324 2282 521 2327 translate
567 2281 727 2324 dictum
763 2290 823 2324 est
853 2279 967 2332 ἄγαν
998 2286 1194 2325 πλουτῶν.
1261 2281 1342 2325 Sed
1384 2284 1556 2340 proprie
1601 2283 1760 2326 dictum

325 2362 532 2419 significat
579 2361 712 2402 »auri
744 2374 933 2417 magnam
961 2361 1043 2402 vim
1077 2359 1188 2417 larga
1216 2375 1340 2403 manu
1376 2361 1524 2404 dare.’'
1589 2361 1760 2405 Praedi-

325 2439 455 2482 vitum
490 2447 627 2482 autem
659 2446 890 2480 amatorum
922 2440 1079 2480 mentio
1112 2440 1320 2496 aptissima
1342 2473 1353 2490 ,
1387 2448 1433 2482 ut
1461 2440 1512 2483 de
1539 2442 1759 2484 meretrice

325 2519 434 2578 apud
468 2526 633 2576 poetam
664 2518 870 2559 incertum
904 2517 955 2560 A.
990 2518 1036 2560 P.
1067 2517 1148 2566 vl,
1186 2521 1286 2562 283.
1323 2522 1362 2562 1.

444 2599 466 2646 ἡ
497 2597 543 2639 τὸ
570 2596 658 2648 πρὶν
686 2596 915 2647 αὐχήσασα
941 2595 1210 2647 πολυχρύσοις
1243 2597 1307 2638 ἐπ’
1334 2598 1549 2649 ἐρασταῖς,

327 2677 456 2720 altera
483 2676 582 2718 olim
616 2675 855 2716 coniectura
885 2690 905 2715 a
935 2689 1000 2716 me
1033 2677 1224 2716 restituta
1256 2666 1345 2717 erat
1373 2674 1477 2719 hac:

443 2756 516 2804 τὴν
546 2758 628 2801 τοῖς
654 2752 939 2804 βουλομένοις,
972 2753 1121 2806 χρυσὸν
1152 2753 1436 2806 ἐρευγομένοις.

329 2833 447 2890 Quod
466 2848 578 2876 nunc
608 2832 714 2875 mihi
744 2832 888 2875 durius
907 2832 1065 2876 dictum
1087 2833 1249 2876 videtur
1267 2842 1306 2875 et
1339 2841 1512 2891 propter
1530 2833 1755 2890 asyndeton
