1794 3412
621 282 893 322 -175-

37 410 150 468 gitur
177 406 227 449 ἴδ’
260 409 325 456 ὡς.
393 406 610 450 Brunckio
643 405 722 447 hac.
751 405 794 446 in
823 418 869 447 re
898 416 1084 446 assensus
1123 402 1250 445 etiam
1277 401 1500 444 Passovius

38 489 220 548 scripsit.
285 488 408 532 Misc.
443 503 486 547 p.
509 489 614 532 214.
647 485 860 530 coniecitt
898 482 1102 539 ἦμαύρωδ*
1127 479 1148 526 ὃ
1174 483 1217 528 δὲ
1246 482 1403 534 κῆνίδε,
1438 482 1506 525 in·

39 579 325 629 terpretatus:
375 567 625 628 »quicquid
669 567 730 610 sol
774 574 943 627 praeter
976 565 1209 626 Olympum
1255 563 1391 616 vidit,
1440 562 1504 606 nil

7 631 9 660 3
38 650 122 694 tale
155 649 315 694 vidit.''
379 649 608 709 Scripsisse
636 648 742 691 mihi
779 646 947 691 videtur
983 654 1109 707 poeta
1151 643 1269 705 quod
1296 659 1379 688 una
1408 643 1504 687 lite-

40 732 130 775 rula
160 741 322 775 mutata
355 731 524 775 restitui
555 737 724 790 potest:

6 803 7 806 Ἴ
156 817 271 855 κεῖνα
301 812 378 865 μὲν
405 810 615 865 ἡμαύρωσ’
642 807 735 859 ὅδε,
768 808 902 860 κῆνίδε
926 806 1071 863 νόσφιν
1098 807 1324 860 Ὀλύμπου

274 892 418 941 “Αλιος
442 891 555 935 οὐδέν
577 906 641 934 πω
667 894 773 933 τοῖον
802 886 1091 941 ἕπηυγάσατο.

3 956 5 1000 ἦ
37 973 85 1016 In
116 988 202 1031 quo
239 980 336 1032 apte
364 972 542 1031 reliquis
579 986 648 1015 sex
679 969 829 1014 mundi
870 968 1087 1013 miraculis
1122 982 1254 1011 unum
1288 965 1372 1011 hoc
1399 974 1503 1010 tern-

0 1024 4 1095 i
36 1053 156 1113 plum
190 1054 439 1114 opponitur.
505 1054 660 1099 Utrum
691 1065 791 1095 vero
818 1049 924 1094 haec
951 1049 1140 1093 carmina
1174 1050 1218 1093 in
1242 1049 1375 1109 ipsius
1402 1057 1505 1093 tem-

0 1123 96 1193 {pli
131 1134 366 1192 parietibus
409 1134 570 1177 fuerint
617 1132 820 1192 inscripta
864 1145 917 1175 an
960 1145 1040 1190 pro
1082 1145 1128 1174 ro
1169 1139 1268 1174 nata
1311 1145 1335 1173 a
1376 1137 1503 1191 poeta

36 1214 192 1274 scripta
214 1249 224 1266 ,
259 1213 494 1258 diiudicare
524 1213 656 1257 nolim
678 1247 690 1265 ‚
723 1212 807 1256 hoc
845 1221 1011 1256 certum
1058 1210 1229 1272 templis
1259 1211 1505 1271 inscriptio-

0 1293 2 1307 *
36 1310 108 1338 nes
140 1293 273 1339 incidi
302 1293 446 1339 solitas
467 1293 595 1337 fuisse
614 1325 625 1347 ,
661 1303 707 1337 ut
734 1301 850 1353 patet
880 1308 928 1337 ex
954 1293 1142 1353 Priapeis
1169 1291 1308 1339 catal.
1341 1291 1502 1351 Scalig-

37 1391 82 1435 p.
110 1378 181 1420 62.

279 1457 393 1515 Ergo
426 1455 632 1516 quicquid
667 1456 708 1499 id
741 1465 804 1500 est
836 1455 953 1515 quod
987 1456 1146 1499 otiosus

281 1534 430 1594 templi
463 1535 699 1595 parietibus
733 1536 796 1579 tui
829 1537 974 1580 notavi
996 1569 1007 1587 ‚

278 1617 321 1660 in
355 1624 520 1676 partem
553 1617 737 1675 accipias
770 1615 924 1660 bonam
959 1629 1172 1676 rogamuS.

40 1707 80 1741 et
121 1714 165 1757 p.
197 1701 269 1742 75.

157 1779 221 1822 Tu
257 1778 505 1837 quicunque
538 1777 652 1820 vides
684 1779 796 1820 circa
831 1779 1012 1821 tentoria
1045 1787 1188 1821 nostra

280 1874 363 1901 non
396 1858 578 1901 nimium
611 1858 714 1901 casti
746 1860 936 1902 carmina
960 1858 1088 1918 plena
1120 1859 1235 1910 ioci,

158 1939 348 1982 versibus
380 1938 600 1982 obscoenis
635 1938 791 1982 offendi
823 1938 986 1983 desine.

39 2020 94 2064 Et
123 2020 211 2079 ipsa
241 2019 460 2078 Antipatri
493 2019 680 2062 carmina
707 2019 857 2078 templi
889 2019 1130 2079 parietibus
1159 2020 1365 2079 inscripta
1397 2019 1504 2063 fuis-

36 2115 81 2144 se
104 2099 209 2144 mihi
240 2099 466 2160 probabile
491 2099 657 2145 videtur
675 2134 685 2152 ,
720 2109 766 2144 ut
793 2099 927 2143 dubio
956 2110 1098 2145 careat
1126 2116 1174 2145 ea
1200 2101 1243 2145 in
1277 2116 1410 2145 unum
1439 2101 1502 2146 lo-

40 2193 138 2223 cum
171 2178 468 2239 coniungenda
514 2194 629 2231 esso,
676 2179 789 2238 quod
826 2180 967 2224 minus
1004 2189 1170 2226 certum
1203 2181 1256 2226 de
1291 2184 1504 2242 epigram-

42 2260 178 2304 matis·
203 2259 459 2318 Crinagorae
492 2259 546 2304 A.
575 2259 625 2303 Ρ.
656 2256 769 2312 vn,
804 2262 907 2305 383.
940 2268 983 2304 et
1016 2261 1076 2305 lx
1098 2294 1110 2313 ,
1146 2265 1248 2308 439.
1313 2263 1375 2307 Ex
1417 2278 1504 2307 uno

41 2353 215 2400 quoquc
242 2339 384 2398 lapide
410 2337 619 2399 descripta
651 2339 784 2383 videri
809 2350 987 2400 possunt
1014 2342 1320 2401 epigrammata
1345 2342 1505 2387 dulcis-

40 2423 144 2465 sima
180 2429 223 2465 et
256 2420 499 2465 suavissima
534 2421 750 2480 Antipatri
781 2429 824 2465 et
860 2422 1065 2466 Heracliti
1104 2424 1148 2467 in
1187 2423 1502 2469 Aretemiadcm

43 2504 96 2547 A.
115 2503 164 2547 Ρ.
184 2502 267 2546 vn
283 2535 295 2554 ‚
327 2503 431 2546 464.
459 2504 558 2545 465.
621 2501 706 2545 Sed
740 2502 875 2546 Tullii
902 2503 1072 2548 Gemini
1095 2505 1358 2565 epigramma
1385 2505 1502 2566 quod

43 2583 200 2643 legitur
231 2584 286 2627 A.
314 2582 363 2627 P.
394 2579 453 2626 VI
473 2615 485 2634 ‚
519 2583 623 2627 260.

160 2663 290 2720 Φρύνη
315 2663 386 2706 τὸν
410 2659 638 2717 πτερᾶεντοι
665 2663 735 2707 τὸν
759 2663 1009 2719 εὐτέχνητον
1034 2667 1203 2721 Ἔρωτα

276 2743 419 2797 μισθὸν
452 2744 573 2799 ὑπὲρ
602 2743 786 2789 τέκνων
813 2744 958 2790 ἄνθετο
991 2747 1250 2792 Θεσπιέων·

161 2823 358 2879 Κύπριδος
385 2826 408 2875 ἧ
436 2824 567 2879 τέχνη
588 2840 599 2850 ·
633 2825 879 2880 ζηλούμενον
908 2829 980 2872 οὐκ
1011 2828 1254 2884 ἐπιμεμφὲς

280 2905 395 2960 δῶρον
417 2920 426 2931 ·
460 2907 500 2954 ἐς
528 2907 787 2962 ἀμφοτέρους
814 2908 848 2952 δ’
877 2907 1026 2962 ἔπρεπε
1054 2910 1194 2963 μισθὸς
1218 2911 1363 2965 Ἔρως,
