1794 3412
929 275 1156 314 *1ss—

330 396 471 439 Crates
501 394 709 451 CynicuS,
742 394 900 451 rigidus
929 409 1092 437 morum
1130 409 1301 445 censor,
1339 398 1622 454 turpissimum
1650 399 1754 442 dixit

327 474 580 517 Graecorum
611 474 953 531 intemperantiae
981 482 1297 516 monumentum
1318 507 1327 524 ‚
1361 491 1401 519 v,
1435 476 1590 521 Athen.
1624 478 1724 521 xssl
1744 511 1755 527 ,

326 554 402 594 591
442 552 493 595 D.
512 585 522 601 ,
556 553 628 609 qui
661 550 713 593 de
739 550 915 593 donario
944 549 1140 593 Cottinae
1167 553 1396 595 meretricis
1420 553 1594 612 Spartae
1626 557 1753 600 Pole-

323 630 458 671 monis
503 629 627 671 verba
672 628 790 672 dedit
823 628 924 672 XIH
945 660 956 679 ‚
991 632 1074 672 574
1109 629 1158 673 C.
1222 628 1274 675 Et
1313 631 1493 676 donariis
1515 634 1753 678 ⁴mulierum

323 708 705 750 honestissimarum
752 715 1018 765 matrumque
1057 708 1247 751 familias.
1278 709 1357 752 diis
1394 711 1720 769 gratificantium
1742 746 1754 764 ‚

321 786 371 829 de
394 799 571 844 quarum
601 800 682 828 una
712 788 754 833 in
790 786 1064 844 inscriptione
1102 787 1241 837 addita
1273 788 1378 831 dixit
1417 791 1578 846 poetria
1618 792 1754 848 Anyto

323 866 371 908 A.
404 865 450 909 P.
479 865 568 915 lx,
602 867 706 909 605.
739 869 781 909 4.

435 943 612 997 χαιρέτω
634 958 644 967 ·
672 942 814 991 οὔτινοο
838 944 921 996 γὰρ
951 943 1112 996 μέμψιν
1143 944 1232 997 ἔχει
1263 945 1407 994 βιοτᾶς
1427 979 1438 994 ,

317 1023 369 1065 ab
408 1030 589 1080 utroque
610 1022 794 1067 tortasse
825 1023 954 1066 latere
994 1025 1184 1081 apposita
1223 1034 1340 1068 erant
1365 1039 1538 1068 munera
1567 1026 1645 1071 diis
1676 1026 1752 1069 ob-

315 1103 396 1145 lata
437 1118 460 1145 a
502 1102 900 1160 mulieribus-quae
940 1117 1116 1160 corpore
1161 1111 1381 1160 quaestum
1423 1104 1623 1153 fecerant.
1700 1105 1753 1149 Ut

315 1181 459 1225 eadem
493 1183 632 1239 Anyte
671 1181 924 1240 epigramma
960 1182 1132 1225 Veneris
1162 1190 1322 1226 statuae
1349 1181 1403 1225 ab
1435 1181 1603 1226 hetaera
1634 1183 1754 1227 dedi—

320 1271 435 1305 catae
466 1261 813 1305 subscribendum
847 1263 1109 1319 composuit,
1143 1271 1287 1320 aperte
1319 1263 1444 1305 simul
1468 1270 1600 1306 artem
1625 1277 1751 1321 quam

317 1340 536 1384 factitabat
567 1340 719 1383 mulier
752 1339 936 1398 professa
956 1373 967 1390 ,
1001 1341 1055 1384 A.
1075 1340 1123 1383 P.
1154 1339 1243 1390 IX,
1277 1336 1379 1385 332.
1413 1344 1456 1386 3.

430 1419 570 1463 εἵσατό
600 1436 670 1471 μιν
697 1419 932 1473 Πολυαρχὶς
958 1419 1216 1473 ἐποευρομένικ
1246 1419 1370 1471 μάλα
1395 1421 1557 1463 πολλὰν

527 1503 692 1548 κτῆσιν
723 1498 799 1540 ἀπ’
830 1498 971 1540 οἰκείου
1001 1498 1189 1549 σώματος
1219 1499 1423 1548 ἀγλαΐας.

271 1628 274 1629 ⁷
315 1578 552 1634 Utrumque
602 1577 763 1632 Anytes
813 1576 1067 1633 epigramma
1116 1575 1226 1617 libro
1262 1574 1564 1618 Ἐπιδεικτικῶν
1606 1591 1629 1618 a
1671 1576 1750 1620 ce-

312 1655 437 1711 phala
470 1656 689 1698 insertum.
753 1653 995 1696 Consimilis
1038 1655 1274 1712 argumenti
1303 1654 1426 1712 plura
1456 1653 1536 1697 alia
1579 1655 1621 1697 in
1663 1656 1750 1698 An·-

313 1734 544 1791 thologiam
583 1734 711 1778 relata
745 1741 842 1776 sunt
881 1733 1209 1791 epigrammata,
1243 1733 1451 1792 descripta
1479 1749 1527 1777 ex
1566 1732 1751 1776 donariis

310 1813 538 1857 mulierum
559 1822 722 1872 partem
740 1812 954 1866 {decimam
971 1811 1079 1854 lucri
1107 1827 1283 1870 corpore
1308 1815 1447 1872 parati
1463 1813 1748 1857 dedicantium

312 1893 414 1936 deae
453 1907 644 1936 amorum
675 1900 878 1950 patronae
917 1899 989 1934 aut
1025 1891 1175 1933 Veneri
1213 1891 1466 1950 Bacchoque
1504 1893 1748 1936 valedicen-

310 1973 415 2015 tium
458 1986 589 2030 quum
629 1979 765 2014 aetate
806 1969 1051 2027 pulcritudo
1091 1969 1383 2022 defloruisset,
1429 1986 1610 2028 quorum
1643 1987 1750 2016 non*

309 2050 426 2094 nulla
452 2050 671 2108 subturpia
703 2058 745 2092 et
776 2048 997 2092 obscoena.
1499 2054 1501 2058 ’

371 2131 510 2186 Quum
550 2129 677 2172 semel
712 2127 918 2186 digressus
959 2127 1066 2178 sim,
1111 2126 1175 2169 his
1204 2126 1353 2169 addam
1385 2126 1560 2171 eandem
1600 2131 1747 2173 inscri-

309 2210 468 2268 ptionis
503 2210 680 2251 formam
710 2209 754 2250 in
797 2214 1043 2265 argumento
1084 2206 1246 2249 diverso
1283 2209 1550 2265 conspicuam
1587 2224 1672 2252 esse
1702 2211 1744 2252 in

309 2287 491 2331 disticho
528 2283 776 2331 Nicomachi
809 2285 922 2343 apud
949 2283 1178 2343 Hephaest.
1217 2301 1261 2343 p.
1291 2287 1362 2329 27.
1405 2290 1440 2329 Ι.
1499 2286 1744 2341 Νικομάχου

309 2372 379 2411 τοῦ
411 2369 483 2418 τὴν
513 2365 602 2420 περὶ
635 2364 861 2420 ζωγράφων
893 2366 1083 2416 ἐλεγείαν
1109 2365 1371 2414 πεποιηκότος
1393 2380 1404 2389 ’

429 2443 562 2495 Οὗτος
593 2446 640 2496 δή
662 2461 722 2488 σοι
749 2445 768 2487 ὃ
795 2445 948 2492 κλεινὸς
976 2446 1041 2503 ἀν’
1072 2443 1260 2488 Ἐλλάδα.
1286 2447 1428 2487 πᾶσαν
1456 2447 1656 2489 Ἀπολλόό

547 2526 689 2579 &0904-
721 2525 962 2576 γιγνώσκεις
994 2523 1172 2576 τοῦνομα
1197 2527 1314 2566 τοῦτο
1346 2526 1505 2574 κλύων,
1540 2562 1542 2565 ,

309 2615 349 2648 et
383 2608 424 2648 in
455 2605 650 2649 Archelai
687 2605 871 2647 versibus
906 2605 1017 2662 App.
1047 2605 1130 2663 Ep.
1162 2606 1231 2648 12.

423 2686 495 2733 Εἷς
524 2686 633 2736 ὑμᾶς
658 2683 899 2737 κροκόδειλον
926 2683 1201 2738 ἀποφθίμενον
1231 2683 1412 2732 διαλύει,

543 2763 745 2816 σκορπίοι,
782 2767 803 2813 ἡ
829 2763 969 2807 πάντα.
1001 2763 1246 2816 ζωοθετοῦσοι
1276 2762 1426 2815 φύσις,

309 2854 348 2885 et
379 2845 489 2902 App.
528 2844 606 2902 Ep.
639 2847 705 2888 13.
