1794 3412
617 266 886 307 —149-—

143 390 338 439 τοσσακις
370 389 587 444 ἱμερόεντα
619 389 887 444 διδαξαμενος
920 391 1038 444 χορὸν
1072 389 1218 443 ἀνδρῶν

263 469 424 522 εὐδόξου
455 471 592 520 Νίκας
619 472 787 524 ἀγλαὸν
813 470 912 525 ἅρμ’
941 469 1097 522 ἐπέβης
1117 503 1129 519 ,

26 553 67 596 in
97 567 180 612 qua
208 569 267 598 vs,
287 557 331 598 3.
364 553 513 613 scripsi
541 552 738 602 τοσσάκις
764 568 843 612 pro
875 552 1040 612 vulgata
1067 548 1241 595 τοσσοὶκι
1268 549 1302 592 δ’
1327 550 1355 591 ἱ.
1372 582 1383 597 ,
1419 547 1488 590 cui

24 634 317 678 coniunctioni
349 635 522 694 quinam
550 634 605 677 sit
629 633 699 677 hic
730 633 849 678 locus
880 649 963 677 non
997 632 1146 685 video,
1181 641 1222 676 et
1254 633 1367 690 App.
1404 630 1484 688 Ep.

26 716 99 761 79.
132 714 244 774 apud
274 715 506 773 Berginium
538 730 583 758 n.
617 715 717 761 148.

136 793 299 850 ’ῗΗρχεν
325 796 593 848 Ἀδείμαντος
624 795 702 847 μὲν
730 794 954 844 Ἀθηναίοις
973 827 985 843 ,
1018 792 1079 836 ἔτ’
1111 794 1225 836 ἐνίκα

263 875 472 930 Ἀντιοχὶς
503 876 620 930 Φυλή
651 873 867 918 δαιδάλεον
896 872 1069 926 τρίποδα
1088 889 1097 898 ·

143 954 379 1009 Ξεινοφίλου
409 954 460 997 δέ
490 970 568 1002 τις
600 953 682 1002 υἱὸς
715 953 966 1008 Ἀριστείδης
999 953 1193 1007 ἐχορήγει

261 1035 501 1086 πεντήκοντ’
531 1034 681 1088 ἀνδρῶν
711 1034 828 1077 καλοὶ
858 1032 1031 1086 μαθόντι
1064 1034 1171 1087 χορῷ
1191 1048 1200 1055 ·

139 1115 255 1170 ἀμφὶ
289 1115 533 1171 διδασκαλίῃ
563 1115 604 1159 δὲ
638 1115 841 1171 Σιμωνίδη
872 1112 1022 1158 ἕσπετο
1054 1114 1169 1163 κῦδος

260 1196 578 1249 ὀγδωκονταέτει
605 1197 720 1240 παιδὶ
749 1195 1032 1251 Λεωπρέπεος.

22 1278 111 1325 Ubi
153 1293 272 1324 vorsu
320 1279 446 1323 tertio
492 1277 722 1322 admodum
767 1278 974 1321 absonum
1017 1286 1080 1322 est
1117 1293 1179 1326 τις
1223 1275 1305 1326 υἱός
1351 1291 1486 1335 quum

23 1359 230 1405 Aristides
266 1359 381 1403 haud
425 1359 556 1403 dubie
584 1360 715 1403 fuerit
747 1360 811 1402 vir
838 1358 953 1402 dives
982 1367 1025 1402 et
1060 1358 1216 1402 nobilis
1237 1391 1248 1410 ,
1282 1373 1422 1417 neque
1455 1358 1488 1400 si

24 1441 136 1485 forte
165 1441 304 1485 minus
342 1440 498 1484 nobilis
530 1441 703 1492 fuisset,
737 1438 979 1484 Simonides
1018 1438 1101 1482 hoc
1139 1439 1287 1482 fuisset
1323 1454 1487 1483 memo·

23 1529 210 1566 taturus.
274 1519 617 1565 Hemsterhusius
648 1522 690 1564 in
724 1519 915 1565 editione
957 1518 1236 1571 Callimachi,
1271 1520 1381 1563 inter
1412 1535 1489 1563 cu·

23 1603 87 1646 ius
127 1603 431 1661 epigrammata
469 1601 552 1645 hoc
588 1616 761 1656 carmen*
801 1599 866 1645 edi
911 1600 1104 1651 solebat,
1147 1601 1399 1646 annotavit:
1444 1602 1487 1644 δέ

22 1699 112 1734 τοις
156 1683 365 1742 Bergkius
404 1683 574 1743 scripsit
617 1689 662 1728 Ξ.
702 1682 744 1726 δὲ
782 1681 865 1726 τόθ’
897 1681 994 1732 υἱός.
1057 1681 1164 1727 Mihi
1202 1682 1336 1727 literis
1371 1700 1412 1726 τι
1444 1684 1486 1726 in

25 1778 151 1808 unam
183 1765 425 1808 coniunctis
452 1763 747 1823 reponendum
781 1762 980 1808 videtur:

142 1845 379 1900 Ξεινοφίλου
410 1844 445 1889 δ’
473 1843 540 1894 ἐῢς
572 1845 654 1894 υἱὸς
685 1844 936 1899 Ἀριστείδης
963 1844 1172 1899 ἐχορήγει.

21 1925 113 1970 Hac
154 1933 295 1969 autem
335 1926 614 1985 inscriptione
644 1916 885 1984 comparata
922 1925 1129 1969 utendum
1162 1935 1224 1969 est
1256 1926 1307 1969 ad
1341 1942 1485 1971 emen—

21 2004 204 2050 dandam
233 2005 409 2049 alteram
446 2004 637 2050 eiusdem
680 2004 914 2049 Simonidis
946 2006 1270 2065 inscriptionem
1315 2008 1487 2067 elegan-

23 2087 193 2130 tissimis
226 2086 413 2130 versibus
445 2085 660 2129 conditam
682 2119 693 2138 ,
730 2086 784 2132 A.
816 2086 866 2132 P.
895 2086 1029 2138 XIII,
1064 2088 1138 2132 28.

141 2165 330 2212 Πολλάκι
362 2166 409 2216 δὴ
436 2170 577 2220 φυλῆς
610 2166 915 2218 Ἀκαμαντίδος
944 2167 985 2209 ἕν
1011 2171 1190 2221 χοροῖσιν
1216 2167 1312 2223 ὧραι

260 2245 529 2297 ἀνωλόλυξαν
556 2246 810 2301 κισσοφόροις
837 2245 906 2289 ἐπὶ
934 2245 1198 2301 διθυράμβοις

142 2329 185 2372 αἱ
215 2326 502 2377 Διονυσιάδες,
535 2327 723 2382 μίτραισι
750 2326 792 2371 δὲ
817 2325 887 2370 καὶ
917 2325 1036 2382 ῥόδων
1061 2328 1207 2378 ἆώτοις

260 2412 398 2465 σοφῶν
424 2407 566 2452 ἀοιδῶν
596 2409 796 2452 ἐσκίασαν
827 2407 1010 2463 λιπαρὰν
1039 2407 1222 2464 ἔθειραν,

142 2484 176 2532 οἳ
202 2488 315 2533 τόνδε
342 2487 516 2543 τρίποδα
542 2488 664 2543 σφίσι
696 2487 888 2543 μάρτυρα
912 2489 1106 2544 Βακχίων
1134 2490 1292 2535 ἀέθλων

261 2568 408 2619 ἔθηκαν
429 2584 439 2594 ·
473 2569 624 2619 κείνους
656 2569 691 2613 δ’
722 2569 961 2622 Ἀντιγένης
992 2570 1205 2615 ἐδίδασκεν
1230 2571 1409 2629 ἄνδρας·

143 2648 187 2694 εὗ
209 2650 244 2693 δ’
271 2650 490 2699 ἐτιθηνεῖτο
517 2649 727 2705 γλυκερὰν
757 2648 843 2693 ὄπα
869 2651 1031 2705 Δωρίοις
1058 2651 1257 2706 Ἀρίστων

261 2733 447 2786 Ἀργεῖος
478 2731 550 2782 ήδὺ
579 2735 748 2784 πνεῦμα
779 2731 888 2786 χέων
915 2733 1102 2786 καθαροῖς
1131 2733 1173 2775 ἐν
1203 2735 1372 2783 αὐλοῖς·

143 2815 219 2855 τῶν
246 2812 500 2866 ἐχορήγησεν
528 2811 679 2856 κύκλον
700 2813 931 2866 μελίγηρυν
957 2812 1184 2862 Ἱππόνικος

29 2893 95 2938 10.
266 2893 517 2947 Στρούθωνος
549 2895 628 2943 υἱὸς
663 2893 886 2948 ἅρμασιν
918 2896 957 2938 ἐν
986 2896 1167 2949 Χαρίτων
1199 2897 1414 2951 φορηθεῖς,
