1794 3412
918 286 1179 326 —164-

331 405 477 448 hovam
510 407 549 447 in
584 406 634 447 Α.
665 404 822 455 Ρ.ΙΧ,
857 406 1104 449 713-743,
1139 419 1220 448 non
1252 406 1404 463 scripta
1429 405 1558 451 videri
1588 419 1637 447 eo
1660 417 1760 446 con·

329 484 423 526 silio
471 492 515 525 ut
558 483 697 526 locum
741 498 1006 527 communem
1055 483 1228 526 diversis
1279 483 1508 527 rationibus
1552 483 1760 540 eleganter

328 564 596 604 enuntiarent
625 570 771 620 poetae
793 595 802 613 ,
836 562 907 605 sed
936 576 1078 605 revera
1109 562 1334 620 descriptas
1375 563 1497 606 fuisse
1525 562 1760 620 inscriptio-

330 655 401 683 nes
445 655 491 683 ex
535 640 785 698 imaginibus
837 642 1037 699 expressis
1077 656 1124 683 ex
1182 649 1441 700 prototypo,
1491 650 1532 684 et
1570 641 1761 699 ectypis5

327 734 436 777 quae
467 717 577 760 haud
607 717 736 761 dubie
759 717 942 776 plurima
975 733 1150 762 numero
1178 719 1299 763 aedes
1331 721 1591 779 privatorum
1625 718 1764 762 homi-

328 813 428 841 num
461 798 682 843 ornabant.
744 797 809 840 Ita
835 806 940 857 puto
971 799 1099 841 etiam
1129 798 1210 842 alia
1238 799 1535 859 epigrammata
1562 799 1762 856 inscripta

327 878 452 921 fuisse
490 876 642 920 tabulis
675 877 852 935 expietis
882 876 932 920 ad
961 877 1174 935 exemplar
1214 877 1379 921 tabulae
1405 893 1427 920 a
1454 877 1625 920 summis
1661 877 1763 919 arti·

327 957 473 1000 ficibus
514 957 670 1014 pictae.
738 955 962 1014 Correptio
1006 956 1167 1014 primae
1216 955 1400 1014 syllabae
1441 956 1484 999 in
1529 954 1762 1010 ὑφασμένος

328 1036 380 1080 Α.
407 1036 454 1079 Ρ.
483 1035 539 1078 VI
560 1067 571 1086 ,
603 1037 705 1080 247.
739 1039 781 1080 5.
815 1044 856 1078 et
880 1035 968 1093 ipsa
998 1034 1147 1079 idonea
1175 1044 1288 1079 caret
1314 1036 1565 1081 auctoritate
1583 1067 1595 1087 ,
1629 1049 1760 1093 quum

327 1116 367 1158 in
395 1114 541 1158 codice
571 1122 684 1157 recte
715 1114 919 1172 scriptum
954 1114 1037 1157 sit:

561 1193 629 1236 καὶ
660 1191 838 1246 τάλαρον
868 1192 1044 1246 σχοίνοις
1078 1192 1344 1247 ὑφασμένον,

326 1273 439 1331 quod
468 1273 665 1332 imperite
703 1273 745 1315 in
781 1271 997 1325 σχοίνοισιν
1028 1280 1261 1318 mutarunt.
1323 1272 1518 1316 Formam
1550 1271 1763 1331 analogiae

325 1351 537 1396 adversam
565 1351 953 1405 τραχηλοδεσμότης
985 1360 1098 1396 recte
1126 1351 1293 1395 sustulit
1318 1351 1551 1396 Meinekius
1582 1366 1626 1410 p.
1646 1354 1758 1396 220:

325 1430 490 1485 ἐξεσύρη
518 1431 605 1483 ΙΧ,
641 1433 712 1475 56.
749 1435 791 1474 5.
838 1431 948 1474 inter
986 1430 1211 1489 singularia
1244 1431 1391 1473 referri
1419 1431 1597 1488 nequit,
1631 1446 1762 1489 quum

325 1510 539 1568 correptio
562 1509 819 1567 penultimae
846 1507 1030 1565 legitima
1060 1508 1140 1559 sit;
1174 1507 1456 1562 άναδράμεται
1487 1523 1564 1567 pro
1588 1507 1762 1562 ἀναδρα-

326 1593 467 1639 μεῖται
511 1586 753 1645 Philippum
783 1586 877 1638 lx,
921 1589 1022 1631 575.
1069 1587 1248 1630 aliorum
1302 1587 1493 1646 exemplo
1552 1587 1762 1646 scripsisse

326 1666 606 1726 probabiliter
636 1666 779 1708 statuit
821 1665 1100 1708 Buttmannus
1136 1666 1322 1710 Gramm.
1349 1666 1386 1709 I.
1420 1681 1465 1723 p.
1494 1668 1631 1719 398.·;
1664 1666 1773 1725 plu·v

325 1747 441 1789 ribus
478 1747 602 1788 etiam
635 1758 858 1788 commune
895 1752 958 1788 est
988 1742 1121 1792 ἐλάη,
1157 1744 1271 1802 quod
1302 1743 1455 1802 legitur
1481 1745 1571 1795 lv,
1605 1747 1647 1790 2.
1688 1747 1757 1791 12.

322 1835 366 1868 et
398 1826 483 1873 VI,
522 1828 617 1868 102.
653 1827 697 1869 6.

442 1903 510 1946 καὶ
538 1903 671 1946 σίκυον
700 1902 905 1955 χνοάοντα
923 1934 935 1950 ,
967 1902 1036 1944 τὸν
1068 1903 1108 1943 ἐν
1133 1901 1309 1956 φύλλοις
1337 1902 1568 1952 πεδοκοίτην

561 1982 627 2024 καὶ
660 1980 910 2034 πέρκηνῆδη
940 1979 1210 2032 χρυσοχίτων’
1236 1979 1375 2028 ἐλάην.

443 2060 500 2103 σοὶ
519 2094 532 2109 ,
565 2060 805 2114 Φιλοδῖτα
835 2059 1020 2112 Πρίηπε,
1051 2058 1321 2113 φυτοσκάφος
1348 2057 1488 2102 ἄνθετο
1516 2059 1672 2111 Δάμων

561 2139 730 2192 δένδρεσι
758 2138 826 2180 καὶ
859 2138 986 2189 γυίοις
1018 2136 1239 2189 εὐξάμενος
1272 2137 1464 2180 amabam.

322 2220 369 2264 ln
404 2234 488 2277 quo
518 2219 648 2261 miror
679 2217 879 2275 Priapum
911 2217 1149 2260 villicorum
1182 2217 1306 2260 deum
1337 2226 1378 2260 et
1407 2217 1581 2260 rubrum
1613 2215 1759 2260 horto-

322 2314 417 2342 rum
448 2297 663 2341 custodem
706 2296 789 2339 dici
829 2297 1036 2340 viatorum
1076 2294 1201 2339 deum
1243 2295 1497 2347 tutelarem,
1531 2309 1663 2355 quum
1690 2294 1758 2338 dei

322 2392 472 2420 munus
511 2377 565 2419 sit
600 2376 711 2419 fures
748 2375 926 2418 viatores
955 2374 1089 2418 hortis
1118 2388 1274 2420 arcere.
1336 2373 1501 2418 Codicis
1532 2374 1660 2432 igitur
1690 2374 1757 2417 le-

320 2457 407 2499 ctio
447 2454 655 2509 φιλοδῆτα
687 2468 772 2501 non⁴
809 2453 907 2496 satis
937 2460 1052 2496 recte
1089 2451 1308 2497 emendata
1338 2452 1519 2498 videtur.
1582 2453 1758 2496 Restant

322 2536 363 2578 in
392 2534 581 2592 Philippi
605 2530 863 2576 carminibus
891 2531 1041 2574 vitiosa
1064 2531 1284 2585 πυρητόκον
1310 2532 1352 2575 in
1377 2532 1460 2590 Ep.
1485 2532 1541 2575 Vl
1558 2564 1569 2583 ,
1603 2533 1676 2576 90.
1711 2533 1755 2577 6.

497 2613 603 2657 λίθον
633 2627 680 2655 τε
711 2610 880 2660 ναύταις
907 2609 1075 2665 ἑσπέρης
1107 2610 1327 2665 πυρητόκον
1345 2644 1356 2660 ,

323 2692 437 2753 quod
478 2692 725 2736 mutaverim
765 2691 807 2735 in
838 2688 1114 2745 πνρσητόκον,
1147 2690 1305 2740 utV1‚
1339 2691 1411 2734 27.
1448 2691 1490 2734 4.
1533 2687 1600 2731 καὶ
1647 2688 1756 2732 λίθον

319 2773 528 2826 ἀντιτύπῳ
559 2771 780 2825 κρούσματι
813 2767 1068 2824 πυρσοτόκον.
1104 2769 1175 2812 28.
1210 2771 1252 2812 5.
1295 2766 1362 2809 καὶ
1405 2766 1564 2821 μητέρα
1598 2770 1756 2820 πυρσῶν

321 2851 435 2903 τήνδε
468 2851 601 2901 λίθον,
635 2858 676 2894 et
712 2850 924 2909 correptio
959 2846 1143 2905 syllabae
1180 2845 1326 2905 longae
1355 2845 1398 2889 in
1426 2845 1485 2889 vl
1503 2877 1517 2898 ‚
1552 2845 1647 2889 103.
1682 2849 1723 2890 5.
