1794 3412
935 252 1196 291 —150—

470 371 519 414 αἶ’
538 373 570 414 οἱ
598 373 661 412 ἐπ’
687 371 912 423 ἀνθρώπους
943 369 1093 422 ὄνομα
1124 372 1302 413 κλυτὸν
1332 372 1503 424 οὶγλαάν
1533 389 1579 415 τε
1605 371 1716 415 νίκαν

585 448 726 492 ἕκατι
757 453 950 493 Μοισᾶν
980 451 1133 499 θῆκαν,
1165 450 1412 505 ἰοστεφάνων
1442 451 1580 495 θεάων.

349 529 415 573 Ad
442 529 725 586 integritatem
756 530 865 571 enim
894 530 1180 587 inscriptionis
1211 530 1401 573 desidero
1423 533 1679 575 mentionem
1708 545 1776 572 an-

348 610 422 658 ni,
457 607 541 649 sive
573 607 754 649 nominis
783 607 860 649 viri
882 622 965 664 quo
1002 608 1220 651 Archonte
1248 610 1469 667 Eponymo
1509 611 1551 652 in
1579 610 1659 652 hoc
1687 624 1778 652 cer-

348 687 504 729 tamine
531 685 753 728 chororum
785 686 1084 730 orbicularium
1123 689 1207 731 sive
1238 688 1645 746 dithyrambicorum
1677 688 1778 731 vicit

349 765 481 809 tribus
506 764 891 809 Acamantidarum.
952 765 1059 809 Nam
1091 767 1230 824 primo
1257 783 1375 810 versu
1407 766 1588 811 πολλάκι
1610 766 1657 816 δή
1682 781 1776 809 cum

348 844 477 887 verbo
505 842 768 893 ἀνωλόλυξαν
797 843 877 886 hoc
904 859 1023 887 sensu
1052 846 1167 903 iungi
1190 846 1338 904 nequit
1367 855 1413 890 ut
1440 846 1574 889 multo
1601 845 1781 888 clamore

345 923 578 966 victoribus
609 924 855 982 applausum
886 939 973 966 esse
1016 924 1197 970 dicatur.
1259 926 1350 968 Imo
1386 940 1526 968 sensus
1556 934 1644 968 est:
1688 925 1779 968 Iam

348 1017 469 1060 saepe
499 1011 620 1045 antea
656 1003 697 1044 in
730 1001 1017 1060 superioribus
1056 1002 1357 1046 certaminibus
1399 1004 1497 1046 vicit
1540 1004 1778 1047 Acamanti-

349 1081 496 1124 darum
526 1081 659 1123 tribus
683 1088 724 1123 et
748 1095 889 1123 rursus
916 1079 998 1123 hoe
1029 1096 1154 1126 anno.
1218 1080 1373 1125 Confer
1399 1082 1608 1128 Simonid.
1641 1082 1695 1126 A.
1729 1083 1779 1127 Ρ.

349 1161 408 1204 Vl
429 1193 440 1212 ‚
474 1163 516 1204 2.
556 1159 659 1210 τόξα
683 1184 743 1191 -—
767 1159 948 1203 πολλάκι
979 1159 1025 1211 δὴ
1057 1160 1272 1203 στονόεντα
1305 1161 1419 1204 κατα
1456 1161 1594 1205 κλόνον
1622 1164 1782 1215 Περσῶν

348 1238 496 1291 αῆαατι
522 1238 772 1291 λουσάμενα.
814 1238 981 1284 Gallim.
1015 1239 1070 1283 fr.
1097 1241 1202 1283 201.
1232 1237 1415 1282 πολλάκι
1438 1239 1485 1289 δὴ
1512 1239 1666 1293 λύχνου
1692 1244 1783 1283 πῖον

349 1319 510 1371 ἔλειξαν
547 1318 648 1372 ἔαρ,
691 1328 738 1361 ut
779 1328 892 1362 recte
929 1318 1167 1361 emendavit
1210 1317 1571 1363 Schneidewinus.
1633 1319 1782 1378 Inepte

351 1415 521 1458 quoque
562 1414 704 1442 omnes
737 1407 947 1456 quotquot
976 1398 1093 1457 prius
1127 1398 1305 1440 victores
1341 1398 1590 1441 exstiterunt
1633 1406 1781 1456 poetae

347 1488 390 1522 et
414 1479 642 1521 choreutae
670 1493 752 1519 una
775 1476 886 1519 hune
914 1476 1122 1535 tripodem
1148 1475 1358 1519 dedicasse
1383 1476 1598 1521 dicuntur.
1659 1477 1782 1521 Unde

347 1559 531 1601 coniicio
566 1566 659 1616 post
691 1571 867 1623 versum·
894 1565 1091 1614 quartum
1125 1555 1324 1599 excidisse
1354 1554 1458 1598 duos
1485 1570 1649 1607 versus,
1683 1557 1779 1615 qui-

348 1639 426 1679 bus
450 1635 664 1679 archontis
691 1651 843 1678 nomen
871 1643 914 1677 et
937 1643 1084 1692 poetae
1119 1634 1500 1694 choreutarumque
1523 1636 1778 1679 mentionem

347 1716 586 1774 complexus
626 1723 686 1757 est
722 1713 976 1757 Simonides.
1044 1715 1106 1757 Eo
1151 1713 1419 1757 referendum
1459 1710 1494 1756 οἳ
1523 1739 1583 1746 —-
1612 1715 1784 1765 θήκαντο

351 1804 397 1838 ut
437 1803 550 1838 recte
589 1793 798 1851 scripsisse
830 1792 994 1835 videtur
1027 1793 1240 1835 Bentleius
1280 1801 1321 1836 et
1350 1794 1498 1842 κείνους
1524 1820 1584 1826 --
1607 1794 1782 1847 ἄνδρας,

349 1873 462 1933 quod
502 1875 713 1930 ingeniosa
759 1873 998 1914 coniectura
1040 1874 1220 1915 mutavit
1259 1873 1462 1931 Bergkius
1506 1875 1578 1915 in:
1629 1875 1781 1922 θῆκαν·

349 1953 560 1999 Κικυννεύς
602 1950 634 1992 δ’
673 1949 907 1999 Ἀντιγένης
947 1952 995 2005 ¹).
1059 1952 1115 1992 At
1155 1952 1327 2008 Bergkii
1365 1953 1698 1995 emendationem
1740 1953 1781 1994 in

351 2042 511 2077 textum
550 2031 738 2087 recipere
772 2044 855 2070 non
894 2030 1052 2079 ausim,
1088 2030 1199 2087 quod
1231 2030 1283 2073 de
1310 2031 1482 2088 singulis
1511 2032 1652 2074 verbis
1690 2047 1782 2074 ver-

351 2127 502 2162 suum,
545 2124 649 2167 quos
684 2108 877 2166 equidem
919 2107 1180 2150 intercidisse
1228 2117 1392 2160 statuo,
1440 2111 1578 2151 omnia
1627 2111 1783 2152 incerta

400 2341 428 2385 ¹)
455 2338 577 2373 Lenius
602 2337 711 2384 foret,
737 2338 766 2373 si
790 2336 917 2385 gentile
941 2337 1073 2372 nomini
1096 2337 1229 2386 proprio
1252 2336 1448 2373 addendum
1472 2336 1584 2381 foret3
1608 2349 1783 2387 reponere:

351 2407 534 2454 Oxinavvo‘·
560 2410 676 2449 Κεῖος
696 2406 730 2443 δ’
753 2404 970 2458 Ἀντιγένης
995 2405 1071 2443 κτὲ.
1121 2405 1230 2456 quue
1252 2418 1320 2441 non
1343 2404 1567 2455 improbabile
1587 2405 1694 2442 videri
1710 2419 1782 2455 pos-

348 2477 402 2512 sit.
454 2479 497 2512 Et
527 2475 597 2512 fuit
632 2489 744 2527 quum
777 2475 840 2510 hoc
869 2486 992 2510 nomen
1025 2473 1279 2510 restituendum
1311 2485 1379 2509 esse
1413 2479 1571 2522 putarem
1609 2474 1785 2511 Aristoteli

350 2545 440 2593 apud
476 2545 568 2593 Diog.
607 2547 641 2579 L.
666 2538 730 2589 11‚'
751 2545 806 2579 46.
856 2542 1035 2593 Πινδάρῳ
1072 2541 1305 2589 ἔφιλονεὶκει
1342 2541 1580 2590 ’Λμφιμὲνης
1613 2541 1636 2579 o‘
1660 2543 1785 2591 Κῷος.

349 2614 413 2650 Scd
436 2613 496 2649 hoc
517 2613 681 2649 incertius
707 2625 775 2648 esse
799 2613 868 2662 ipse
892 2612 1008 2649 fateor.
1059 2612 1191 2647 Certius
1210 2624 1287 2648 vero
1304 2611 1523 2647 scribendum
1540 2623 1630 2646 esse:
1657 2612 1678 2647 ὁ
1695 2616 1784 2648 Κεῖ-

351 2698 411 2725 ος,
441 2681 621 2718 Simonidis
655 2687 689 2716 et
714 2681 924 2730 Bacchylidis
950 2681 1067 2717 eadem
1099 2681 1213 2717 insula
1238 2683 1301 2716 Ceo
1324 2679 1549 2716 oriundorum
1575 2681 1723 2731 aequalis
1748 2687 1783 2717 et

349 2754 478 2790 amicus
503 2752 563 2801 qui
589 2750 752 2800 graviores
780 2751 884 2788 etiam
913 2763 993 2787 cum
1029 2755 1126 2799 poeta
1154 2749 1311 2787 Thebano
1338 2749 1414 2787 lites
1440 2750 1623 2787 exercuisse
1648 2750 1783 2787 videtur

347 2829 382 2858 et
407 2822 504 2858 rixas.
