1794 3412
637 240 906 282 ——169—

172 367 215 410 αἱ
243 365 284 408 δὲ
311 364 403 419 πρὶν
430 364 652 418 amabam
680 362 919 416 ἐγκοιτοξδες
950 362 1161 418 ἀκρώρειαι

291 447 440 501 θηρῶν,
475 449 543 490 νῦν
575 445 724 500 ἀνδρῶν
755 445 830 490 εἰσὶ
858 443 1102 497 βοηλασίαι.

52 527 115 573 Ite
145 527 226 571 hoc
269 528 512 588 poemation
559 526 696 572 edidit
736 526 986 578 Iacobsius,
1034 542 1056 569 a
1098 539 1183 585 quo
1227 522 1420 584 pluribus
1459 522 1513 566 de

52 608 189 651 causis
211 606 320 652 mihi
347 607 680 653 dissentiendum
723 616 801 652 est.
868 607 961 651 Hoc
991 621 1123 650 unum
1147 603 1417 665 probandum
1449 605 1511 647 vi·

50 687 207 742 detur,
251 689 364 749 quod
398 690 585 733 coniecit
617 704 678 734 vs.
709 690 752 737 2.
793 687 1064 731 scribendum
1104 701 1195 731 esse
1232 683 1510 741 βαρυνόμενα.

0 807 2 832 ÷
51 769 192 813 Verba
238 771 350 814 enim
393 771 452 814 ita
500 769 607 814 mihi
655 769 852 813 videntur
898 767 1144 828 iungenda:
1193 771 1303 811 νῶτα
1345 765 1509 822 ἠπείρου

0 853 2 860 “
49 849 315 904 βαρυνόμενα
345 852 465 905 θηρῶν
486 849 796 895 ἔθνεσινοῦκέτι
822 850 1097 893 ἐπιπτοιεῖσθε
1121 850 1299 903 ὠρυγαῖς
1323 846 1512 892 λεόντων.

52 930 161 974 Vere
199 938 339 974 eutem
381 930 490 974 dixit
531 930 703 975 Africae
745 931 866 973 dorsu
898 929 1096 973 leonibus
1136 929 1255 980 feta,
1300 938 1347 972 ut
1375 928 1513 986 Libya

49 1009 287 1065 θηροτρόφος
323 1010 406 1069 Δρ.
438 1007 523 1054 Rh.
552 1010 613 1054 lv
632 1043 645 1062 ,
681 1012 812 1056 1561.
846 1024 957 1069 quae
989 1009 1248 1054 Graecorum
1282 1007 1512 1068 proverbio

49 1089 184 1134 καινὸν
223 1089 292 1134 ἀεί
331 1106 371 1134 τι
409 1089 536 1144 θηρίον
577 1089 724 1135 τίκτει.
798 1091 872 1136 vs.
900 1093 944 1136 3.
991 1089 1123 1134 codex
1170 1088 1238 1133 ἐπὶ
1276 1089 1510 1138 πτύσεσθε,

51 1169 165 1231 quod
193 1170 431 1215 Meinekius
459 1185 504 1230 p.
518 1172 623 1216 237.
656 1172 699 1214 in
727 1169 998 1226 ἐπιπτύρεσθε
1027 1171 1233 1224 mutavit,
1267 1178 1359 1215 toto
1389 1184 1512 1214 versu

51 1252 110 1294 ite
135 1251 321 1311 scripto:
356 1253 457 1306 ἠχοῒ
482 1251 718 1306 ἐρημαίαισι
745 1253 785 1295 τ’
811 1251 1082 1306 ε’πιπτύρεσθε
1108 1250 1284 1295 λεόντων
1305 1252 1509 1306 ὠρυγαῖς,

51 1331 322 1392 improbante
352 1331 614 1377 Hermanno.
675 1331 876 1376 Proximo
903 1331 956 1375 ed
987 1331 1148 1376 codicis
1176 1331 1404 1376 lectionem
1440 1347 1512 1376 ec-

48 1411 200 1456 cedere
227 1411 394 1456 videtur
422 1413 696 1456 ἐπιπτοιεῖσθε
714 1447 727 1462 ,
761 1421 926 1457 caetera
952 1428 1051 1458 vero
1079 1428 1189 1473 quae
1218 1414 1261 1457 in
1296 1413 1514 1458 membra·

50 1494 113 1536 nis
135 1493 194 1536 ite
223 1493 377 1551 scripte
408 1500 601 1538 exstanti
635 1494 730 1547 ἦχοι
757 1492 1042 1548 ἐρημαίαισιν,
1077 1494 1179 1541 olim
1210 1494 1253 1539 in
1281 1493 1398 1538 hunc
1418 1509 1512 1540 mo·

51 1573 152 1617 dum
181 1572 291 1616 lecta
323 1573 450 1617 fuisse
478 1581 679 1617 autumo:

169 1655 298 1708 Ἠχοῖ
324 1653 503 1710 ε’ρημαίᾳ
533 1657 882 1700 συνεπιπτοιεῑσθε
915 1656 1090 1700 λεόντων

288 1737 465 1790 ὠρυγαῖς
496 1735 718 1790 ψαμάθους
747 1735 872 1792 ἄχρις
903 1737 1003 1792 ὑπὲρ
1033 1737 1252 1791 Νομάδων.

32 1815 136 1875 *Ipsi
165 1814 322 1860 deserti
351 1816 506 1875 Libyci
535 1831 720 1861 recessus
744 1825 787 1861 et
819 1816 939 1862 Echo
961 1819 1179 1878 perterriti
1207 1818 1410 1863 dicuntur
1437 1833 1511 1863 ru-

47 1896 140 1956 gitu
162 1895 365 1949 leonum;
401 1896 522 1941 Echo
554 1907 695 1942 autem
726 1898 874 1944 eedem
908 1899 1074 1943 ratione
1101 1899 1292 1959 nympha
1322 1899 1510 1944 solitaria

51 1975 210 2021 dicitur
239 1977 294 2020 eb
321 1976 480 2022 Archia
512 1976 647 2022 Anth.
679 1977 801 2025 Plan.
831 1981 905 2026 94.
940 1984 984 2024 5.

165 2057 343 2111 ποίμνας
375 2056 631 2109 ἐξελάσασθε
647 2074 658 2084 ·
690 2058 821 2102 πάλιν
852 2059 1066 2113 μυκηθμὸν
1096 2060 1236 2106 οέκούοι

287 2140 404 2192 Ἠχὼ
433 2139 631 2193 ἐρημαίης
660 2139 893 2194 ἐνναέτειρα
921 2139 1055 2190 νάπης

53 2217 230 2263 Versum
256 2227 416 2263 sextum
455 2220 497 2262 in
538 2234 624 2278 quo
656 2219 739 2263 iam
777 2219 878 2264 olim
909 2222 1071 2266 correxi
1101 2222 1143 2266 ἐν
1166 2223 1314 2274 ὀπαῖς,
1350 2227 1400 2268 in
1430 2241 1510 2270 ca-

51 2301 176 2351 veis,
215 2313 330 2342 nunc
370 2307 484 2343 certa
533 2298 831 2344 emendatione
879 2300 988 2345 mihi
1030 2302 1338 2363 redintegrasse
1376 2306 1511 2350 visus·

51 2395 142 2423 sum
164 2410 175 2430 .
209 2380 398 2438 scripto:

292 2459 454 2512 δέσμιον
480 2460 702 2514 αἰχμητὰς
729 2466 890 2517 Καῖσαρ
916 2462 1024 2513 ἔθηκ’
1051 2465 1093 2507 ἐν
1119 2466 1255 2515 ὀπαῖς.

51 2541 116 2586 Ita
162 2540 276 2600 apud
317 2539 543 2599 Polybium
588 2542 744 2600 legitur
772 2542 919 2596 XXV,
954 2545 999 2591 8.
1032 2545 1076 2590 7.
1098 2572 1100 2574 -
1122 2546 1192 2589 τὸν
1233 2547 1420 2601 Χαίρωνα
1451 2573 1510 2580 —

51 2621 214 2671 ἐποίησε
247 2620 422 2673 δέσμιον.
486 2621 535 2665 In
563 2621 688 2681 cippo
718 2625 767 2665 ad
797 2633 969 2682 pontem
994 2640 1081 2685 quo
1109 2627 1343 2672 Auxentius
1371 2629 1510 2673 archi-

55 2710 189 2746 tectus
224 2703 413 2756 flpminis
447 2701 585 2761 Cydni
618 2718 747 2762 aquas
786 2705 976 2749 iunxerat
1007 2709 1147 2766 posito
1181 2709 1360 2753 incisum
1395 2711 1510 2770 lege·

56 2782 178 2827 batur
217 2799 414 2836 carmen,
462 2783 576 2842 quod
609 2793 704 2844 post
742 2785 843 2829 alios
885 2786 1100 2831 lacohsius
1134 2789 1268 2834 edidit
1309 2791 1350 2834 in
1394 2791 1506 2852 App.

58 2863 136 2922 Ep.
167 2867 268 2910 270.
