1794 3412
949 252 1212 293 -168-

366 369 406 409 in
436 367 670 427 digerendis
699 372 953 415 carminibus
975 382 1015 416 et
1043 376 1223 416 carmina
1252 374 1524 419 diversissima
1554 377 1785 420 subvunum

361 450 613 491 contraxisse
652 449 820 493 titulum
862 451 1054 509 pluribus
1090 452 1290 495 docemur
1328 455 1558 513 exemplis,
1585 454 1713 513 idque
1745 457 1788 498 in

360 527 451 584 ipso
488 527 665 580 codice,
706 537 897 573 notatum
932 531 982 573 ad
1019 531 1078 574 IX
1100 565 1111 584 ‚
1150 535 1237 576 15.>
1264 534 1488 576 τοῦτοούκ
1516 533 1791 577 ἐπιδεικτικὸν

359 605 459 646 ἀλλ’
480 605 662 659 ἐρωτικὸν
684 606 949 662 ἐπίγραμμα.
986 611 1055 654 16.
1116 609 1377 664 Μελεάγρου.
1408 611 1475 654 καὶ
1506 615 1625 656 τοῦτο
1649 613 1789 666 ὁμοίως

364 683 545 737 ἐρωτικὸν
580 683 648 728 διὰ
685 687 759 736 τὴν
788 687 948 742 ἀφυΐαν
982 691 1054 731 τοῦ
1093 689 1379 742 ἐκλεξαμένου.
1451 691 1515 735 Ita
1553 691 1792 751 sepulcralis

355 770 418 804 est
450 762 670 823 inscriptio
700 765 876 809 Diodori
904 768 1040 810 Zonae
1057 800 1067 818 ‚
1101 782 1209 827 quae
1235 769 1345 811 inter
1368 768 1659 821 άναθνιματικά
1683 770 1787 827 legi-

361 850 428 883 tur
457 842 516 885 VI
534 875 546 894 ,
580 846 681 887 347.
717 853 764 886 ut
799 844 908 888 male
940 846 1050 888 inter
1077 846 1326 904 sepulcralia
1364 848 1662 906 epigrammata
1701 849 1788 891 col-

358 918 493 963 locata
540 920 726 964 carmina
769 923 925 980 Myrini
966 924 1006 966 in
1046 925 1202 982 pictam
1260 925 1444 969 tabulam
1491 929 1545 972 Α.
1587 928 1635 970 Ρ.
1676 927 1786 979 vll,

357 1000 460 1043 703.
504 1007 546 1042 et
583 999 796 1059 Antiphili
827 1002 869 1043 in
907 1001 1174 1061 horologium
1201 1002 1310 1055 VII,
1345 1007 1448 1049 641.
1510 1006 1563 1049 Et
1599 1005 1650 1047 ad
1690 1007 1786 1065 epi-

354 1086 581 1136 grammata
609 1078 860 1122 ἕπιδεικτικά
897 1081 1036 1139 potius
1067 1072 1333 1124 referendam
1367 1091 1456 1125 erat
1483 1082 1670 1127 eiusdem
1697 1084 1785 1128 An-

356 1155 499 1214 tiphili
542 1171 709 1201 carmen
752 1159 795 1200 in
840 1159 1053 1216 ingentem
1101 1159 1406 1203 Dicaearcheae
1450 1161 1605 1205 molem
1652 1162 1706 1207 A.
1737 1163 1785 1208 Ρ.

355 1236 463 1288 VII,
497 1239 599 1283 379.
632 1245 680 1281 ut
701 1237 888 1297 Philippi
917 1239 1173 1297 epigramma
1194 1239 1380 1283 eiusdem
1409 1241 1718 1299 argumentivA.
1736 1242 1785 1287 Ρ.

355 1314 414 1358 ΙΧ
432 1347 445 1367 ,
477 1318 578 1361 709.
612 1318 671 1365 ὃ.Δ
691 1331 798 1376 quae
839 1331 887 1360 ex
923 1332 973 1360 eo
1010 1332 1161 1376 genere
1199 1327 1321 1370 sunt,
1359 1317 1413 1361 de
1440 1319 1594 1377 quibus
1624 1321 1787 1379 scripsit

352 1392 554 1451 Agathias
585 1394 641 1439 Α.
668 1395 719 1439 P.
747 1395 835 1447 IV,
867 1394 910 1440 3.
945 1397 1045 1441 117.

469 1471 590 1514 ἀλλὰ
615 1471 745 1515 πάλιν
775 1475 870 1524 μετ’
901 1474 1061 1516 §nerm-
1093 1473 1340 1528 παλαίτερον
1370 1472 1491 1530 εὖχος
1521 1477 1643 1531 ἀείρει

467 1548 648 1603 ὅσσαπερ
679 1551 702 1601 ἢ
730 1550 977 1605 γραφίδεσσι
1007 1551 1257 1605 χαράξαμεν
1285 1553 1308 1603 ἥ
1337 1569 1434 1597 τινι
1462 1556 1599 1611 χώρῳ

467 1627 551 1671 εἴτε
584 1627 654 1671 καὶ
679 1628 910 1679 εὐποίητον·
941 1631 1008 1674 ἐπὶ
1036 1630 1188 1685 βρέτας
1219 1630 1398 1680 εἷτεκαὶ
1429 1631 1564 1683 ἄλλης

466 1707 618 1762 τέχνης
649 1707 875 1763 ἐργοπόνοιο
902 1710 1243 1765 πολυσπερέεσσιν
1271 1711 1444 1761 άέθλοις.

353 1785 510 1830 Confer
536 1787 722 1831 eiusdem
751 1788 877 1831 verba
906 1789 1018 1835 Hist.
1042 1790 1110 1841 ΙΙ,
1147 1791 1216 1832 10.
1245 1805 1291 1849 p.
1315 1792 1388 1836 87.
1423 1794 1493 1836 10.
1533 1792 1620 1845 ἐμοὶ
1651 1792 1695 1836 δέ
1720 1810 1782 1844 τις

349 1869 427 1908 τῶν
460 1865 685 1920 ἐπιχωρίων
722 1867 792 1909 καὶ
836 1866 1018 1918 ἐλεγεῖόν
1058 1884 1099 1910 τι
1130 1867 1212 1922 ἔφη
1248 1870 1288 1918 ἐς
1326 1869 1468 1923 κύρβιν
1504 1871 1597 1914 τινὰ
1634 1873 1783 1922 λιθίνην

349 1942 430 1986 ὑπό
448 1958 520 1987 του
551 1942 793 1998 γεγράφθαι
818 1945 934 1999 ἀμφὶ
963 1945 1041 1994 τὰς
1067 1947 1196 1998 ὀχθοὶς
1226 1950 1297 1990 τοῦ
1329 1953 1518 2001 ποταμοῦ
1548 1950 1779 2005 ἱδρυμένην,

348 2021 421 2066 ὧδέ
457 2038 543 2071 πως
577 2021 703 2076 ἔχον,
736 2038 777 2067 v.
808 2025 922 2083 App.
954 2026 1036 2084 Ep.
1064 2028 1167 2071 312.
1227 2026 1276 2070 In
1314 2027 1389 2070 tali
1425 2029 1552 2087 cippo
1593 2031 1655 2073 rei
1691 2044 1782 2075 me·

344 2101 628 2146 memorabilis
671 2101 947 2147 celebrandae
990 2105 1122 2162 gratia
1162 2107 1299 2164 posito
1344 2107 1522 2150 incisum
1570 2109 1652 2152 fuit
1687 2112 1779 2169 epi-

346 2196 531 2240 gramma
563 2179 788 2224 ἀδέσποτον
816 2170 930 2240 quod
959 2181 1062 2226 falso
1094 2183 1144 2226 ad
1179 2185 1427 2243 sepulcralia
1456 2188 1668 2232 transtulit
1699 2189 1779 2233 Co·

348 2261 492 2322 phalas
524 2260 576 2305 Α.
600 2260 648 2303 Ρ.
678 2260 759 2303 VH
777 2293 788 2312 ,
822 2275 860 2306 c.
885 2263 988 2306 626.

464 2339 689 2393 Ἐσχατιαὶ
715 2339 881 2392 Λιβύων
910 2343 1228 2395 Νασαμωνίδες,
1259 2345 1390 2388 οὐκέτι
1421 2347 1539 2400 θηρῶν

582 2418 729 2462 ἔθνεσιν
759 2419 917 2472 ἠπείρου
948 2425 1055 2463 νῶτα
1084 2423 1371 2475 βαρυνόμενοι,

464 2498 510 2541 οὔ
539 2514 598 2541 τοι
630 2497 884 2550 ἐρημαίαισιν
915 2498 981 2541 ἐπὶ
1014 2502 1243 2550 πτήσσεσθε
1274 2502 1444 2545 λεόντων

476 2618 478 2620 ,
554 2580 754 2630 ,ὠρυγαῖς
785 2577 1002 2630 ψαμάθους
1033 2578 1154 2633 ἄχρις
1185 2582 1281 2634 ὑπὲρ
1312 2582 1540 2633 Νομάδων,

464 2661 594 2712 Φῖιλον
621 2657 709 2700 ἐπεὶ
737 2658 916 2710 νήριθμον
943 2660 983 2701 ἐν
1009 2659 1282 2712 ἱχνοπέδαισιν
1308 2662 1499 2714 οἶγρευθὲν

581 2738 619 2783 ἐς
651 2736 751 2787 μίαν
777 2738 1008 2790 αἰχμηταῖς
1043 2743 1198 2792 Καῖσαρ
1227 2738 1361 2786 ἔθηκεν
1392 2740 1410 2780 ὁ
1442 2746 1564 2787 παῖς·
