1794 3412
904 239 1128 279 -40...

307 361 418 403 sibus
448 360 560 402 affini
601 361 867 417 parentavit,
914 362 955 402 in
986 363 1104 403 cuius
1144 361 1315 402 interitu
1360 345 1438 402 hoc
1485 360 1660 402 maxime
1692 375 1734 402 se
1778 376 1784 410 ,ζ

307 439 451 483 dolere
491 439 686 495 scripsit,
733 438 845 496 quod
889 439 976 496 ipse
1025 454 1176 497 corpus
1221 439 1300 480 viri
1346 439 1493 482 mediis
1537 438 1734 480 fluctibus
1772 478 1777 491 ,-

307 518 432 560 mersi
474 531 575 574 rogo
614 515 811 559 mandare
853 531 933 559 non
973 517 1191 574 potuerit,
1225 515 1296 559 sed
1343 517 1406 558 vel
1435 518 1492 559 sic
1530 532 1572 559 se
1601 517 1738 559 dolori
1780 504 1786 520 ⁹

306 610 380 638 suo
420 609 502 637 non
539 594 757 652 indulgere
799 594 868 637 sed
914 595 1122 653 imperare
1161 608 1298 653 neque
1344 603 1519 652 propter
1556 596 1737 638 aliorum
1782 578 1786 583 Ι

305 680 484 716 mortem
508 672 792 716 calamitosam
818 674 928 715 vitae
954 673 1121 716 delicias
1145 675 1356 718 omittere.
1420 674 1514 717 Huc
1537 687 1736 716 revocan-
1784 676 1785 682 ’

306 752 380 794 dos
421 761 526 811 puto
567 764 704 795 versus
745 752 855 810 apud
898 750 1172 796 Plutarchum
1203 752 1254 795 de
1285 751 1397 797 Aud.
1430 761 1546 811 poet.
1591 767 1630 797 c.
1667 755 1737 796 12.
1783 746 1787 789 Ϊ

303 830 433 873 πάλιν
462 832 482 874 ὂ
513 832 761 885 Ἀρχίλοχος
791 833 864 873 οὐκ
900 833 1127 874 ἐπαινεῖται
1169 824 1420 882 λυπούμενος·
1461 832 1536 882 μὲν
1555 824 1558 828 ’
1577 831 1644 874 ἐπὶ
1682 832 1738 884 τῷ
1786 869 1794 894 ἢ

304 909 414 963 ἀνδρὶ
441 916 515 960 τῆς
540 909 728 964 ἀδελφῆς
759 909 1035 964 διεφθαρμένῳ
1066 910 1179 953 κατὰ
1209 909 1450 962 θάλασσαν)
1482 909 1567 963 οἴνῳ
1597 910 1637 952 δὲ
1669 909 1737 951 καὶ
1788 898 1794 969 '¹

303 988 449 1044 παιδιᾷ
475 988 570 1042 πρὸς
600 989 674 1037 τὴν
699 987 836 1036 λύπην
862 987 1075 1040 μάχεσθαι
1101 988 1374 1039 διανοούμενος
1391 1003 1400 1013 ·
1433 989 1570 1032 αἰτίαν
1601 987 1738 1039 μέντοι

304 1067 427 1119 λόγον
453 1067 631 1120 ἔχουσαν
660 1066 838 1119 εἴρηκεν·

421 1145 514 1190 οὔτε
540 1163 580 1191 τι
604 1146 688 1200 γὰρ
714 1147 866 1189 κλαίων
895 1147 1060 1198 ἰήσομαι
1092 1146 1185 1188 οὔτε
1218 1145 1356 1189 κάκιον

537 1228 641 1277 θήσω
673 1226 885 1280 τερπωλὰς
918 1227 986 1268 καὶ
1019 1226 1164 1274 θαλίας
1186 1226 1371 1279 ἐφέπων.

307 1305 434 1350 Certe
463 1306 527 1349 vix
556 1306 694 1364 aptius
718 1305 770 1348 ad
795 1305 992 1348 carminis
1014 1304 1231 1348 exordium
1260 1305 1400 1348 redire
1420 1307 1559 1363 potuit
1583 1314 1706 1363 poeta
1727 1338 1739 1356 ,

306 1386 380 1442 qui
410 1385 525 1428 cives
550 1385 717 1428 monuit
747 1393 796 1427 ut
833 1383 944 1427 idem
979 1384 1022 1427 in
1052 1384 1168 1427 luctu
1213 1383 1349 1427 alieno
1379 1384 1593 1436 facerent,
1627 1384 1741 1442 quod
1789 1409 1794 1446 ᾖ

303 1464 394 1522 ipsc
431 1463 513 1506 sibi
550 1463 593 1505 in
621 1463 768 1505 funere
805 1462 1036 1505 domestico
1065 1463 1273 1520 optimum
1300 1463 1415 1505 factu
1446 1461 1630 1505 habebat
1649 1493 1660 1512 ,
1692 1471 1742 1506 ut

305 1543 453 1585 animis
491 1556 512 1584 a
549 1551 708 1584 terrore
749 1542 961 1600 receptis,
1004 1556 1076 1583 sua
1119 1541 1300 1599 quisque
1337 1541 1502 1599 negotia
1545 1541 1740 1593 obirent,

305 1621 399 1663 vino
431 1619 610 1678 aliisque
645 1619 967 1662 oblectamentis
996 1627 1040 1662 et
1071 1618 1360 1678 voluptatibus
1387 1633 1506 1663 curas
1531 1619 1740 1678 pellerent

304 1700 468 1758 totique
504 1714 546 1742 se
587 1697 637 1741 ad
672 1699 802 1757 ipsius
841 1689 1078 1757 exemplum
1114 1705 1454 1757 componerent..
1492 1697 1582 1741 Illis
1614 1713 1741 1750 vero,

304 1780 377 1837 qui
409 1779 452 1821 in
481 1779 639 1822 recenti
680 1778 928 1821 calamitatis
965 1779 1165 1821 memoria
1193 1785 1235 1819 et
1266 1776 1514 1820 dilectorum
1557 1778 1741 1837 capitum

303 1856 513 1901 desiderio
539 1856 724 1900 lacrimis
750 1838 834 1899 sibi>
857 1865 900 1898 et
923 1855 1059 1898 dolori
1091 1855 1216 1914 plane
1246 1870 1329 1898 non
1361 1864 1596 1914 temperare
1624 1871 1743 1916 posse

305 1936 582 1987 videbantur,
617 1936 730 1978 omni
757 1950 883 1993 opera
915 1933 1191 1978 annitendum
1224 1949 1311 1977 esse
1350 1927 1519 1993 scripsit
1546 1934 1744 1978 Archilo-

304 2015 432 2067 chus,
467 2025 513 2059 ut
545 2015 691 2058 animis
716 2015 883 2058 refectis
917 2014 1116 2072 omnique
1150 2013 1349 2056 muliebri
1381 2014 1498 2056 luctu
1541 2014 1708 2058 sublato
1731 2049 1742 2066 ,

305 2097 414 2138 viros
450 2094 579 2138 fortes
609 2108 651 2137 se
679 2101 938 2153 praestarent
983 2093 1113 2152 idque
1149 2107 1198 2136 eo
1237 2094 1502 2136 contentiore
1531 2093 1671 2136 studio
1701 2103 1744 2136 et

303 2174 454 2218 maiori
483 2173 626 2216 labore
656 2172 896 2216 faciendum
927 2187 1013 2215 esse
1041 2187 1125 2230 quo
1157 2171 1371 2213 difficilius
1400 2170 1481 2214 hoc
1506 2171 1644 2229 primo
1679 2172 1744 2214 vi-

303 2254 394 2296 deri
425 2253 556 2312 possit
588 2253 757 2297 obtutu.
820 2252 927 2296 Nam
958 2260 1006 2294 ut
1033 2252 1172 2295 omnia
1193 2284 1204 2302 ,
1238 2265 1286 2294 ea
1314 2262 1485 2309 quoque
1513 2265 1621 2308 quae
1649 2251 1742 2294 fieri

302 2348 422 2391 posse
445 2331 648 2390 negabas,
683 2340 729 2374 ut
760 2331 846 2389 ipsa
875 2330 978 2373 haec
1012 2330 1243 2373 tristissima
1271 2328 1570 2386 naufragorum
1598 2344 1709 2372 mors
1729 2363 1740 2382 ,

304 2412 546 2456 hominibus
581 2410 802 2461 accidant,
836 2411 893 2452 ita
932 2410 984 2452 ab
1031 2410 1160 2452 altera
1190 2417 1310 2467 parte
1342 2407 1452 2451 nihil
1495 2424 1582 2452 esse
1626 2410 1737 2467 quod

303 2492 430 2535 homo
463 2490 602 2534 studio
643 2499 685 2536 et
718 2490 860 2532 labore
892 2489 1093 2548 consequi
1138 2496 1334 2547 nequeat.
1397 2488 1489 2532 Hoc
1518 2489 1630 2532 enim
1672 2504 1742 2531 or·

304 2572 402 2615 dine
444 2580 486 2614 et
517 2570 598 2613 hoc
635 2571 723 2613 iere
767 2585 887 2613 sensu
928 2571 970 2613 in
1016 2569 1178 2626 integro
1221 2569 1404 2612 carmine
1451 2583 1493 2611 se
1536 2569 1742 2626 excepisse
1785 2626 1787 2629 Α

305 2651 497 2695 videntur
528 2650 611 2693 duo
642 2649 869 2693 hexametri

425 2728 567 2772 πάντα
597 2728 708 2782 τύχη
742 2730 808 2771 καὶ
842 2735 961 2782 μοῖρα
994 2729 1205 2781 Περίκλεες
1232 2726 1340 2780 ἀνδρὶ
1373 2726 1547 2773 δίδωσιν,

305 2810 406 2854 alter
435 2824 531 2854 vero
550 2825 561 2853 t
