1794 3412
651 271 919 313 —197—

162 403 212 442 Ἡ
241 400 420 451 πτωχῶν
446 396 656 451 χαρίεσσα
684 395 895 446 πανοπλίη
915 429 927 444 ,
961 394 1306 449 άρτολάγυνος

278 477 386 528 αὕτη
418 478 487 521 καὶ
521 478 707 533 δροσερῶν
738 479 784 521 ἐκ
815 475 1011 521 πετάλων
1041 475 1247 531 στέφανος
1266 510 1278 524 ,

160 560 230 604 καὶ
257 563 377 604 τοῦτο
406 558 616 615 φθιμένοιο
643 558 861 614 προάστιον
887 558 988 613 ἱερὸν
1014 558 1160 601 ὄστεῦν

280 638 548 695 ἐγκεφάλου,
580 643 725 693 ψυχῆς
756 638 941 695 φρούριον
966 636 1221 692 ἀκρότατον,

162 726 281 772 πῖνε,
315 720 433 773 λέγει
465 721 512 764 τὸ
544 720 763 774 γλύμμα,
797 720 867 764 καὶ
897 718 1004 764 ἔσθιε
1036 717 1106 762 καὶ
1138 717 1342 774 περίκεισο

283 800 410 845 ἄνθεα
428 816 438 826 ”
469 804 639 845 τοιοῦτοι
670 800 885 854 γιγνόμεθ’
913 798 1110 851 ἐξαπίνης

42 899 92 927 ex
134 881 254 926 sarda
286 881 483 926 annulari
518 882 632 926 edita
671 889 836 926 exstant
866 882 908 924 in
949 879 1168 940 spicilegio
1200 880 1505 939 Epigramma-

44 972 134 1007 tum
169 964 429 1008 Graecorum
455 967 528 1008 55.
561 962 672 1007 Mus.
706 962 848 1008 Rhen.
881 963 1012 1005 1845.
1045 976 1092 1020 p.
1125 962 1228 1006 275.
1274 960 1349 1004 ubi
1379 960 1505 1003 Wol-

43 1044 211 1088 ckerm.
277 1043 372 1087 »In
415 1041 538 1086 sarda
576 1041 806 1094 annulari,
852 1040 987 1085 literis
1028 1057 1078 1085 ex
1118 1040 1216 1085 albo
1259 1040 1403 1084 colore
1435 1055 1508 1084 ex·

43 1125 282 1176 stantibus,
321 1139 504 1184 superne
545 1122 730 1167 hominis
763 1122 972 1174 calvaria,
1016 1122 1128 1166 infra
1165 1121 1325 1182 scalpta
1362 1137 1508 1165 mensa

43 1205 224 1264 dapibus
254 1204 428 1249 referta.
491 1202 640 1248 Edidit
673 1203 827 1249 Gorius
863 1203 998 1249 Inscr.
1032 1203 1136 1250 Ant.
1170 1203 1318 1249 Etrur.
1363 1210 1393 1246 t.
1423 1202 1506 1247 ΙΙΙ.

45 1302 90 1346 p.
122 1285 231 1331 21.'’
294 1284 415 1329 Idem
440 1283 623 1328 hominis
651 1282 858 1328 sceletum
902 1282 968 1326 vel
996 1284 1192 1328 cranium
1222 1284 1372 1328 mortis
1401 1283 1508 1326 ima·
1563 1308 1566 1311 <

46 1368 188 1427 ginem
212 1367 255 1410 in
281 1364 416 1426 epulis
447 1365 712 1426 propositam
740 1364 870 1408 fuisse
894 1363 1201 1410 demonstravit
1228 1379 1278 1409 ex
1307 1364 1507 1408 Petronio

47 1461 87 1493 c.
113 1450 186 1491 34.
231 1447 346 1506 quod
384 1446 618 1507 Aegyptios
649 1460 823 1506 quoque
859 1445 1008 1489 fecisse
1043 1460 1092 1489 ex
1134 1443 1297 1490 Herod.
1323 1445 1398 1499 11,
1434 1448 1508 1491 78.

47 1528 218 1572 monuit
256 1527 490 1572 Iacobsius.
564 1526 795 1571 Simillima
834 1534 897 1571 est
935 1526 1159 1585 inscriptio
1205 1526 1352 1586 poculi
1396 1527 1510 1572 Gaui

49 1609 92 1652 in
118 1606 255 1654 Anth.
283 1607 406 1653 Plan.
433 1622 474 1653 c.
502 1609 575 1654 89.

167 1686 301 1739 Οὗτος
328 1689 348 1732 ὅ
370 1687 464 1743 πρὶν
489 1686 726 1743 μακάρεσσι
757 1686 988 1738 συνέστιος,
1018 1683 1134 1736 οὗτος
1162 1686 1182 1729 ὁ
1209 1686 1329 1736 νηδὺν

288 1767 474 1813 πολλάκι
506 1768 722 1824 νεκταρέου
751 1767 1020 1821 πλησάμενος
1051 1766 1267 1820 πόματος,

168 1852 236 1894 νῦν
265 1848 440 1902 λιβάδος
471 1850 617 1901 θνητῆς
643 1849 876 1903 ἱμείρεται·
909 1850 932 1899 ἦ
964 1849 1134 1904 φθονερῆ
1165 1848 1207 1891 δὲ

283 1931 426 1983 κρᾶσις
457 1929 523 1973 oze}
555 1928 727 1983 χείλευς
759 1927 848 1972 ἐστὶ
881 1927 1147 1982 ταπεινοτέρη
1165 1942 1176 1953 ·

162 2014 253 2054 πῖνε
271 2043 284 2060 ,
317 2008 434 2062 λέγει
466 2009 514 2053 τὸ
540 2007 749 2063 τόρευμα,
783 2009 852 2053 καὶ
879 2011 1001 2064 ὄργια
1025 2007 1209 2062 μάνθανε
1233 2015 1354 2062 σιγῆς
1377 2027 1386 2035 ·

281 2092 316 2134 οἱ
346 2090 518 2148 γλώσσῃ
547 2087 938 2145 προπετεῖςταῦτα
962 2089 1239 2144 κολαζόμεθά.

46 2171 143 2216 Alia
183 2172 405 2232 inscriptio
446 2171 592 2229 poculi
635 2180 726 2215 arte
763 2171 914 2215 caelati
950 2186 1000 2215 ex
1042 2170 1204 2216 Athen.
1233 2172 1323 2225 xl,
1362 2176 1433 2220 19.
1470 2191 1507 2218 v.

46 2251 234 2296 Meinek.
266 2251 416 2295 Exere.
447 2251 507 2295 ΙΙ.
539 2267 586 2310 p.
613 2253 671 2294 20
703 2266 769 2310 sq.
801 2266 825 2294 a
860 2249 1054 2294 Iacobsio
1086 2249 1218 2295 relata
1246 2260 1308 2295 est
1344 2254 1387 2298 in
1417 2255 1508 2314 Ap-

46 2331 272 2392 pendicem
302 2332 667 2391 Epigrammatum
710 2346 750 2376 c.
783 2334 885 2376 141.

164 2411 351 2466 Γραμμά
382 2410 626 2466 Παρρασίοιο
656 2410 793 2465 τέχνα
822 2410 939 2462 Μυός
956 2427 967 2437 ·
999 2413 1104 2465 ε’μμὶ
1133 2412 1175 2457 δὲ
1206 2413 1322 2457 εἰκών

287 2491 410 2536 Ἰλίου
439 2492 631 2541 αἰπεινᾶς
661 2489 716 2535 ἃν
746 2490 837 2536 ἕλον
867 2493 1077 2539 Αἰακίδαι.

49 2572 98 2617 In
128 2572 370 2616 Polemonis
399 2587 497 2616 vero
538 2573 725 2616 carmine
769 2582 995 2634 corruptus
1035 2583 1100 2618 est
1136 2589 1279 2619 versus
1314 2576 1478 2635 primus
1498 2610 1511 2630 ,

50 2653 94 2696 in
138 2668 225 2713 quo
270 2653 454 2698 Huetius
491 2667 638 2698 vocem
683 2652 965 2707 άρτολάγυνος
1009 2656 1314 2717 interpretatus
1357 2666 1420 2701 ost
1462 2658 1516 2703 do

50 2734 170 2792 panis
194 2734 273 2778 offa
294 2735 335 2777 in
365 2734 611 2794 lagenarum
635 2748 758 2778 usum
778 2742 974 2779 excavata
991 2769 1003 2788 ,
1035 2735 1253 2782 Brodaeus
1271 2746 1314 2781 et
1330 2737 1514 2783 Schnei-

54 2813 176 2858 derus
199 2814 254 2860 de
290 2831 390 2875 pera
415 2817 457 2860 in
489 2831 570 2876 qua
600 2816 720 2875 panis
749 2824 790 2860 et
825 2816 985 2874 lagena.
1053 2817 1262 2878 Equidem
1295 2821 1514 2880 corrigen-

54 2893 155 2939 dum
185 2897 396 2955 suspicor:
