1794 3412
647 301 883 342 -99-

30 426 80 470 In
120 427 239 468 cuius
271 440 330 470 vs.
358 428 384 468 8
417 440 463 468 cx
506 423 652 468 codice
681 424 848 467 restitui
877 421 919 466 ὅν
949 421 1061 482 quod
1105 422 1147 464 in
1183 419 1225 464 ἕν
1252 429 1485 466 mutarant.

28 506 108 552 Illo
135 515 362 551 monentur
397 506 576 550 lectores
601 504 780 549 alterum
810 521 859 548 ex
885 504 1118 548 infantibus
1151 519 1310 547 marem
1339 503 1488 547 deces-

28 589 143 632 sisse.
209 588 350 644 Quum
385 587 438 629 de
478 595 628 645 poetae
660 595 797 629 aetate
818 618 828 634 ,
871 585 989 628 cuius
1018 585 1204 628 carmina
1241 585 1283 627 in
1308 583 1487 628 ›Antho-

26 667 137 728 logia
165 668 417 726 Meleagrica
445 666 695 726 legebantur
715 699 727 718 ‚
762 681 845 708 non
878 665 977 707 satis
1002 665 1056 707 ab
1087 666 1203 708 omni
1233 673 1355 724 parte
1384 680 1490 708 con-

29 756 111 792 stet
139 757 182 792 et
209 748 280 792 hic
306 748 544 793 Heraclitus
574 763 656 791 non
682 746 873 790 diversus
905 746 1055 788 haberi
1081 747 1213 805 possit
1240 746 1293 788 ab
1321 747 1489 806 aequali

31 828 310 880 Callimachi,
345 844 422 888 pro
455 837 571 872 certo
600 828 810 870 affirmare
841 827 941 869 nolo
974 826 1088 885 quod
1119 827 1490 871 verosimillimum

30 909 138 952 mihi
170 908 365 958 videtur,
410 910 452 951 in
493 908 628 950 altero
666 906 854 949 eiusdem
900 906 1017 965 cippi
1054 907 1186 950 latere
1225 908 1490 967 insculptum

30 990 156 1033 fuisse
199 990 459 1048 epigramma
499 989 717 1048 Antipatri
759 987 927 1031 Sidonii
962 987 1022 1031 ib.
1057 1001 1097 1032 c,
1127 990 1240 1040 464,
1274 988 1390 1047 quod
1428 989 1491 1031 al·

32 1071 111 1114 teri
146 1078 260 1113 certe
299 1068 416 1128 quod
453 1068 503 1111 ad
547 1069 764 1111 suavitatis
797 1077 840 1112 et
873 1068 1108 1127 elegantiae
1146 1068 1266 1112 dotes
1306 1086 1327 1112 a
1360 1070 1493 1115 latere

30 1151 187 1211 apponi
217 1158 401 1194 meretur
423 1169 433 1195 ε

141 1229 201 1274 ‘H
228 1246 304 1274 που
335 1247 382 1273 σε
407 1230 575 1284 χθονίας
602 1230 855 1283 Ἀρετημιοὶς
881 1228 929 1280 ἐξ
953 1229 1124 1274 οὶκοέτοιο

264 1315 455 1356 Κωκυτοῦ
482 1311 654 1364 θεμέναν
678 1311 792 1365 ἴχνος
820 1313 886 1354 ἐπ’
913 1311 1016 1355 οἴίόνι
1032 1346 1043 1361 ,

148 1392 359 1446 οἰχόμενον
391 1391 545 1447 βρέφος
574 1391 666 1446 ἄρτι
700 1391 772 1446 νέῳ
804 1392 1029 1447 φορέουσαν
1056 1394 1224 1447 ἀγοστῷ

267 1473 460 1527 ᾤκτειραν
487 1472 654 1527 θαλεραὶ
688 1473 861 1527 Δωρίδες
889 1475 946 1518 εἶν
973 1473 1072 1529 οὲΐδα

151 1552 394 1604 πευθόμεναι
421 1553 487 1596 τέο
518 1559 643 1606 κῆρα·
676 1553 727 1596 σὺ
760 1553 801 1596 δὲ
834 1552 1076 1603 ξαίνουσα
1107 1554 1282 1608 παρειὰς

269 1632 459 1687 δοὶκρυσιν
486 1631 700 1685 ἄγγειλας
729 1634 826 1676 κεῖν’
853 1633 1015 1686 οένιαρὸν
1046 1632 1166 1682 ἔπος·

148 1712 311 1757 διπλόον
339 1713 517 1756 ὠδίνασα
547 1714 674 1767 φίλαι
701 1713 817 1762 τέκος
844 1712 952 1756 ἄλλο
979 1714 1055 1766 μὲν
1083 1714 1194 1769 ἀνδρὶ

267 1792 445 1848 Εὔφρονι
475 1794 747 1845 καλλιπόμαν
765 1827 776 1842 ,
811 1792 919 1836 ἄλλο
947 1794 981 1836 δ’
1008 1793 1101 1846 ἄγω
1132 1796 1357 1850 φθιμένοις.

29 1873 115 1920 Ubi
147 1890 207 1918 vs.
239 1879 263 1918 5
309 1890 388 1934 pro
428 1873 623 1925 ξαίνουσα
662 1874 776 1933 quod
822 1876 990 1917 nonnisi
1029 1874 1082 1918 de
1117 1878 1236 1935 genis
1279 1877 1492 1936 unguibus

30 1955 74 1997 in
103 1954 222 1998 luctu
248 1954 413 1997 laniatis
445 1954 603 1997 dicitur
620 1988 631 2006 ,
666 1954 961 2013 reponendum
980 1955 1148 1999 videtur
1173 1958 1376 2011 ῥαίνουσα.

27 2035 292 2094 Pergendum
336 2035 435 2079 hinc
475 2035 527 2079 ad
566 2036 787 2095 Damageti
830 2036 1152 2095 inscriptionem
1200 2039 1252 2082 A.
1293 2039 1340 2084 P.
1374 2040 1486 2092 VII,

31 2117 134 2160 735.

149 2196 366 2239 ‘Tarda-1011
385 2230 397 2245 ,
432 2198 600 2239 Φώκαια
632 2199 762 2246 κλυτὴ
795 2197 922 2245 πόλι,
957 2201 1076 2240 τοῦτο
1107 2201 1247 2242 Θεανὼ

269 2275 382 2319 εἶπεν
414 2277 454 2325 ἐς
486 2277 714 2330 ἀτρύγετον
747 2277 878 2320 νύκτα
909 2278 1193 2332 κατερχομένη
1212 2295 1222 2304 ·

153 2357 275 2408 Οἴμοι
302 2357 383 2409 ἐγὼ
410 2358 628 2407 δύστηνος·
662 2358 899 2412 Ἀπέλλιχε
933 2363 1044 2401 ποῖον
1075 2357 1245 2410 amove,

269 2442 380 2481 ποῖον
412 2439 478 2481 ἐπ’
511 2441 551 2483 οἰ
562 2440 668 2494 1:61¹qu
700 2437 766 2488 νηῒ
794 2443 922 2495 περᾷς
954 2439 1171 2492 πέλαγοςς

149 2518 282 2571 αὐτὰρ
309 2518 410 2570 ἐμεῦ
438 2519 631 2572 σχεδόθεν
659 2519 777 2573 μόρος
809 2517 1006 2563 ἵσταται·
1038 2522 1090 2569 ὡς
1117 2519 1269 2575 ὄφελόν
1294 2537 1347 2574 γε

268 2598 375 2653 χειρὶ
400 2600 530 2654 φίλην
562 2601 635 2649 τὴν
663 2601 735 2650 σὴν
762 2604 887 2654 χεῖρα
909 2601 1106 2653 λαβοῦσα
1133 2602 1280 2645 θανεῖν.

30 2677 249 2722 Invocatio
281 2682 441 2723 civium
482 2681 598 2723 urbis
628 2680 845 2723 Phocaeae
887 2681 987 2725 hinc
1026 2683 1272 2742 explicanda
1301 2685 1413 2743 quod
1446 2688 1487 2729 in

32 2760 108 2802 viis
135 2761 318 2820 publicis
350 2771 390 2805 et
418 2762 659 2805 celebribus
699 2762 991 2806 condebantur
1022 2766 1180 2807 mortui
1203 2799 1213 2816 ,
1249 2774 1296 2808 ut
1326 2768 1491 2811 Atticus

35 2838 144 2882 iuxta
172 2841 278 2884 viam
311 2842 510 2900 Appiam.
575 2843 724 2900 Epigr.
761 2842 918 2888 Athen.
946 2845 982 2887 X
1005 2878 1016 2895 ,
1052 2848 1136 2888 436
1170 2846 1223 2889 D.

212 2923 312 2975 ἠρίον
339 2926 517 2971 ’Ἄστεος
550 2924 748 2974 ὤγκωσαν
780 2924 880 2980 τᾷδε
913 2928 1010 2979 παρ’
1041 2927 1283 2981 ἀτραπιτῷ,

1127 3006 1188 3048 7»
