1794 3412
48 319 207 362 tionem
249 314 503 360 brevissima
541 311 790 370 complexus
827 321 926 355 sum
955 321 1084 380 voce,
1117 318 1249 366 quam
1292 306 1405 352 idem
1424 307 1513 363 *qui

45 432 116 463 me
144 423 280 462 -tenet
321 416 502 465 affectus
542 419 691 473 poetae
731 411 848 456 haud
889 409 1067 468 ignobili
1117 409 1328 460 dictavit,
1368 407 1518 464 lingua

46 531 178 576 quam
208 517 388 575 Olympo
427 515 660 560 demissam
691 511 946 561 mortalibus
982 511 1254 573 gratificatae
1286 507 1519 553 suntGra-

46 620 132 663 tiae
163 618 406 674 Musaeque.
469 615 526 659 Et
558 614 693 658 fateor
724 614 770 657 in
801 612 952 657 multis
982 624 1095 670 quae
1125 610 1234 655 mihi
1267 609 1313 654 in
1339 620 1523 661 censura

49 717 464 762 Commentariorum
497 715 619 773 prius
646 713 861 762 editorum
889 711 1162 760 abblanditus
1195 716 1262 755 est
1295 707 1522 755 Schneide-

49 818 217 868 winus,
248 816 328 859 hoc
370 828 506 860 unum
543 813 652 856 milui
685 812 811 870 longe
841 812 1141 869 gratissimum
1172 811 1348 869 scripsit
1379 815 1424 854 et
1451 823 1523 853 ac-

50 915 375 972 ceptissimum,
410 914 456 957 in
484 913 552 956 his
585 913 721 956 animi
761 911 947 956 calorem
985 911 1105 956 cerni
1141 915 1185 954 et
1207 911 1420 954 micantes
1451 923 1526 967 pe-

50 1015 182 1058 ctoris
222 1015 356 1071 ignes.
418 1013 564 1073 Neque
595 1025 698 1058 sane
738 1012 988 1056 etiamnunc
1021 1010 1255 1067 quicquam
1281 1007 1390 1052 mihi
1431 1023 1525 1053 exo·

52 1115 214 1175 ptatius
251 1114 445 1159 accidere
477 1118 617 1172 potest
660 1125 788 1172 quam
830 1116 881 1155 ut
918 1124 970 1156 ex
999 1110 1091 1154 Tua
1131 1108 1280 1154 videar
1319 1111 1528 1155 esoterica

53 1214 280 1272 disciplina
321 1213 551 1272 profectus.
615 1213 723 1257 Nam
755 1226 807 1257 ex
839 1225 925 1270 quo
958 1210 1401 1258 commentationibus
1437 1211 1528 1255 Cal·

53 1313 275 1358 limacheis
313 1313 409 1357 Tibi
443 1312 769 1357 commendatus
801 1310 866 1355 fui
901 1316 945 1355 et
977 1311 1196 1355 interioris
1222 1311 1338 1370 apud
1372 1312 1432 1356 Te
1468 1311 1527 1356 fa·

55 1420 152 1458 ctus
181 1428 280 1458 sum
308 1413 583 1458 admissionis
599 1447 612 1465 ‚
658 1426 878 1458 sermones
922 1412 1085 1456 Tecum
1115 1411 1169 1457 de
1196 1413 1357 1457 nostris
1391 1412 1531 1456 literis

56 1527 281 1558 conserere
307 1514 459 1558 solitus
489 1527 586 1559 sum
604 1548 616 1566 ,
648 1528 756 1572 quos
787 1514 919 1558 etiam
952 1513 1106 1557 absens
1136 1526 1214 1571 per
1239 1514 1440 1572 epistolas
1467 1515 1531 1561 in·

56 1613 248 1657 stauravi
286 1618 330 1657 et
364 1612 519 1658 exinde
560 1626 706 1658 coram
746 1612 962 1658 renovavi.
1003 1609 1189 1671 ‘Operae
1226 1618 1372 1659 autem
1402 1629 1534 1673 quam

58 1713 271 1759 Historiae
299 1713 546 1760 Literarum
573 1714 836 1759 Graecarum
866 1717 910 1757 et
938 1713 1192 1758 Latinarum
1221 1714 1411 1772 impendi
1439 1730 1530 1775 spe-

57 1814 197 1857 cimen
221 1812 444 1858 habendus
470 1819 536 1858 est
560 1815 729 1872 primus
765 1813 922 1858 horum
953 1813 1370 1859 Commentariorum
1398 1815 1531 1870 liber,

58 1915 103 1959 in
130 1927 215 1972 quo
240 1912 407 1958 aditum
433 1913 487 1958 ad
513 1915 766 1960 universum
798 1914 1137 1973 Inscriptionum
1158 1920 1202 1959 et
1230 1915 1534 1975 Epigramma-

59 2019 152 2058 tum
182 2015 444 2060 Graecorum
474 2029 630 2074 corpus
661 2015 899 2074 planiorem
931 2014 1112 2061 reddere
1149 2015 1299 2063 studui
1327 2017 1457 2076 idque
1484 2032 1534 2063 eo

59 2127 264 2171 reponere
290 2115 381 2159 loco
415 2115 490 2172 qui
514 2115 554 2159 ei
580 2115 625 2158 in
658 2114 885 2160 literarum
910 2115 1092 2161 historia
1122 2116 1268 2163 deberi
1293 2099 1535 2164 videbatur.

64 2214 185 2268 Quod
223 2214 305 2259 feci
347 2199 587 2259 interiectis
627 2216 741 2258 notis
792 2216 987 2268 criticis,
1040 2229 1147 2276 quas
1188 2217 1261 2262 hic
1303 2219 1391 2263 illic
1434 2234 1539 2264 con·

63 2315 216 2372 scripsi
255 2315 472 2360 breviores
504 2328 583 2360 nec
619 2315 827 2359 intercuti
856 2315 1032 2362 madore
1072 2299 1328 2364 diffluentes.
1393 2320 1539 2365 Altero

64 2413 172 2457 libro
209 2414 456 2473 complexus
492 2428 589 2459 sum
622 2415 941 2460 emendationes
987 2417 1034 2461 in
1070 2418 1352 2479 Anthologiae
1383 2421 1537 2466 Palati-

64 2527 145 2558 nae
186 2514 316 2558 libros
354 2515 532 2573 priores.
608 2517 753 2560 Tertio
802 2521 846 2561 et
882 2523 1035 2575 quarto
1051 2552 1065 2572 ,
1106 2533 1237 2578 quam
1281 2523 1539 2567 maturrime

69 2615 160 2658 fieri
188 2620 328 2672 potest
361 2615 535 2660 edendis
558 2651 570 2668 ‚
605 2617 805 2662 volumen
836 2618 1021 2664 alterum
1052 2621 1360 2667 emendaturus
1382 2623 1537 2668 lustra-

67 2714 143 2766 bo,
174 2713 305 2759 libros
337 2729 569 2760 exorsurus
599 2716 650 2760 ab
669 2717 1042 2766 Hermesianactea
1070 2722 1218 2780 Elegia
1249 2736 1274 2767 a
1300 2723 1419 2767 vitiis
1440 2738 1539 2782 pur-

72 2812 232 2870 ganda,
264 2815 377 2860 unde
407 2817 449 2860 iu
478 2817 743 2865 Athenaeum
772 2819 1045 2880 digressurus
1079 2824 1130 2868 ab
1160 2825 1541 2883 inscriptionibus,
