1794 3412
626 264 894 310 ——177—

149 395 345 449 Κύπριδος·
373 397 396 444 ἦ
425 394 553 447 τέχνη
585 391 828 446 ζηλούμενον
860 394 931 436 οὐκ
962 392 1203 447 ε’πιμεμφὲς

268 474 409 529 δῶρον,
836 468 839 469 ⁷

31 565 79 601 ut
110 557 337 616 iungantur
369 554 566 618 Κύπριδος
601 554 731 609 δῶρον.
796 554 938 599 Verba
974 555 1193 615 sequentia
1224 554 1265 604 ἐς
1296 546 1490 609 cimon-‘2⁶⁴

28 653 114 691 ρους
145 635 299 691 ἔπρεπε
326 636 467 689 μισθὸς
490 637 621 690 Ἔρως
649 634 935 694 comparanda
966 649 1065 679 cum
1102 634 1241 678 verbis
1274 634 1492 695 Antipatri

29 717 164 762 Anth.
203 717 325 762 Plan.
360 720 460 762 184.
500 716 675 772 ἔπρεπεν
716 715 851 771 ἄμφω
893 714 963 759 καὶ
994 715 1180 771 μέγαρον
1221 713 1378 771 Βάκχῳ
1419 715 1490 760 καὶ

29 798 195 852 Βρόμιος
221 798 424 854 μεγάρῳ,
457 806 501 842 et
532 797 677 842 Ovidii
706 797 811 843 Her.
841 796 948 850 XV,
986 798 1087 843 181.

152 879 279 923 Grata
313 878 447 937 lyram
481 878 604 936 posui
637 876 718 920 tibi
750 876 924 921 Phoebe
952 878 1121 936 poetria
1150 876 1357 938 Sappho,

234 1005 236 1008 ,
266 958 465 1002 convenit
496 957 570 1000 illa
601 955 736 1008 mihi,
771 957 973 1003 convenit
1004 956 1079 1001 illa
1110 957 1207 1001 tibi.

29 1039 248 1084 Artificem
291 1037 469 1081 decebat
516 1035 599 1080 hoc
644 1035 805 1080 donum
847 1035 962 1095 quod
1007 1036 1277 1081 meretricem
1319 1035 1488 1097 perdite

27 1119 222 1172 amabat,
255 1119 478 1164 mulierem
504 1117 620 1178 quod
645 1118 814 1162 Amoris
840 1118 1104 1178 Venerisque
1130 1132 1213 1178 ope
1234 1116 1364 1162 talem
1393 1125 1490 1162 tan·

26 1209 203 1260 tumque
248 1200 457 1244 artificem
513 1198 738 1243 allexisset.
817 1196 1024 1258 Compara
1078 1199 1243 1258 gemina
1295 1197 1485 1244 eiusdem

26 1289 176 1340 poetae
205 1281 330 1325 verba
362 1282 405 1324 in
432 1279 565 1324 altero
593 1279 928 1339 epigrammate:

140 1362 238 1406 ἄντί
265 1363 312 1414 μ’
338 1362 516 1415 Ἔρωτος
542 1359 712 1414 Ἔρωτα
738 1359 872 1414 βροτῷ
898 1358 985 1403 θεὸν
1013 1358 1156 1402 ὤπασε
1187 1359 1318 1417 Φρύνῃ

260 1439 517 1495 Πραξιτέλης
548 1439 690 1493 μισθὸν
720 1439 789 1483 καὶ
822 1439 909 1483 θεὸν
938 1438 1166 1494 εὑρόμενος.

24 1521 97 1567 Vs.
127 1524 171 1567 6.
217 1523 260 1566 in
291 1520 438 1566 codiee
477 1521 660 1579 legitur:
695 1519 959 1574 αἰνόβροτον,
991 1519 1104 1566 unde
1149 1521 1348 1581 equidem
1389 1537 1484 1566 cor-⁴·

23 1603 143 1662 rigo:

261 1683 366 1732 δοιῆς
397 1681 432 1725 δ’
463 1683 511 1725 ἐκ
541 1681 693 1736 τέχνης
725 1682 836 1726 aive?
860 1682 1007 1736 βροτόν

25 1763 195 1807 scilicet
219 1762 391 1821 Phryne
425 1771 468 1806 et
498 1770 675 1822 propter
703 1777 891 1807 amorem
923 1777 1008 1822 quo
1048 1779 1091 1807 se
1122 1764 1484 1824 complecteretur

21 1844 251 1888 Praxiteles
282 1853 324 1888 et
352 1851 528 1904 propter
561 1858 771 1887 summum
800 1844 1030 1888 artificium
1060 1859 1147 1904 quo
1175 1845 1346 1890 Amoris
1373 1847 1486 1893 ima-'-

21 1924 159 1983 ginem
185 1923 492 1969 elaboraverat.
540 1923 616 1967 His
643 1923 896 1982 subiungam
923 1923 1026 1968 alias
1055 1926 1355 1986 inscriptiones
1378 1943 1483 1989 ope·-

22 2003 140 2048 ribus
177 2005 276 2048 artis
315 2004 566 2063 inscriptas,
614 2012 662 2047 ut
694 2019 762 2047 eas
793 2019 816 2047 a
847 2004 1015 2048 mendis
1034 2036 1048 2058 ,
1082 2005 1238 2065 quibus
1267 2007 1377 2053 mihi
1406 2025 1480 2069 ge-

21 2086 150 2130 nuina
179 2085 398 2145 scriptoris
425 2099 575 2129 manus
616 2083 840 2129 obliterata
872 2083 1064 2138 videtur,
1101 2085 1307 2132 liberatas
1338 2090 1381 2134 in
1412 2091 1481 2134 in·-

21 2174 186 2224 tegrum
211 2167 450 2214 restituam.
513 2165 632 2208 Inter
661 2179 765 2223 quas
796 2164 933 2223 prima
961 2165 1086 2209 nobis
1111 2169 1302 2213 occurrit
1327 2171 1480 2216 inseri..

22 2246 112 2306 ptio
139 2245 324 2290 Erinnae
355 2245 409 2290 A.
440 2245 488 2289 P.
516 2244 576 2288 vl
596 2277 607 2295 ,
642 2247 747 2288 352.

140 2325 259 2377 Δέξ’
286 2325 489 2369 arazar
514 2328 659 2379 χειρῶν
680 2324 782 2368 τάδε
798 2325 1066 2380 γράμματα,
1084 2330 1218 2383 λῷστε
1235 2334 1452 2385 Προμαθεῢ
1467 2344 1478 2360 ⁶

261 2405 361 2449 ἕντι
394 2405 462 2448 καὶ
490 2403 685 2459 ἄνθρωποι
717 2405 780 2448 τὶν
807 2406 955 2458 §maaet
986 2408 1138 2463 σοφίαν
1158 2424 1169 2434 ·

137 2486 300 2530 ’ταύταν
329 2489 430 2537 γοῦν
461 2485 621 2538 ἐτύμως
653 2486 733 2529 ’τᾶν
759 2487 951 2541 παρθένον
978 2486 1085 2537 bke-15·
1113 2489 1334 2545 ἔγραψεν,
1367 2489 1370 2492 ⁴

257 2565 360 2609 oeiu'
392 2566 524 2610 αὐδὰν
555 2565 743 2615 ποτέθηκ’
771 2566 816 2618 ἧς
843 2571 882 2611 κ’
913 2570 1175 2624 Ἀγαθαρχὶς
1206 2570 1301 2616 ὅλαι.

19 2642 94 2692 Vs.
121 2648 158 2690 l.
204 2647 248 2690 in
294 2645 441 2690 codice
495 2646 758 2690 coniunctim
803 2648 991 2707 legitur3
1038 2650 1310 2703 δέξαιτιέλοιν,
1360 2655 1475 2715 quod

19 2727 254 2771 seiunctum
294 2726 429 2770 edidit
469 2726 699 2770 Iacobsius.
764 2727 1003 2773 Brunckius
1033 2745 1131 2775 cum
1159 2731 1392 2780 salmasio:
1429 2736 1476 2788 ἐξ

18 2807 212 2857 ἀταλᾶν,
258 2807 371 2867 quod
407 2806 734 2866 praeferendum
775 2808 985 2854 existimat
1013 2811 1234 2856 Weiskius
1270 2813 1324 2858 de
1361 2816 1474 2860 Pro-

20 2887 186 2933 metheo
229 2904 271 2947 p,
305 2890 406 2933 500.
455 2902 563 2948 quae
611 2888 840 2933 secundum
893 2890 1131 2936 lacobsium
1182 2893 1286 2939 haee
1328 2897 1470 2941 tabula

1118 2974 1170 3015 12
