1794 3412
639 250 876 290 -27-

40 384 184 422 mento
202 383 264 421 est
283 409 294 428 ,
330 373 443 434 quod
473 375 560 419 eius
588 374 714 434 plane
745 383 790 418 ut
814 372 1046 432 Meleagri,
1082 370 1298 432 Philippi,
1331 370 1498 415 Strato·

39 459 103 502 nis
123 491 134 510 ,
170 455 398 516 Agathino,
430 456 504 516 qui
534 455 690 515 singuli
722 453 1024 513 Anthologiam
1055 451 1340 498 condiderunt
1360 485 1371 500 .
1405 453 1499 510 epi·

39 546 271 598 grammata
302 552 479 581 numero
506 537 688 596 plurima
716 535 766 578 ad
793 551 867 579 nos
896 541 1211 595 pervenerunt,
1243 531 1295 576 ad
1326 541 1498 577 centum

40 619 366 678 quinquaginta.
428 619 546 675 Quae
576 616 766 660 versibus
796 616 896 659 satis
936 615 1151 674 eleganter
1184 612 1368 657 conditis
1398 613 1502 656 scri-

39 706 143 759 pta,
177 698 249 743 sed
280 696 510 742 admodum
540 699 658 741 tenui
699 694 824 740 laude
852 696 1045 755 poeticae
1087 694 1301 738 facultatis
1331 701 1403 737 aut
1436 695 1501 737 in-

40 779 154 839 genii
198 778 338 823 festivi
381 777 569 823 ornanda
609 778 678 821 vix
709 785 828 820 tanto
868 790 1047 820 numero
1084 783 1247 819 servata
1289 774 1501 826 fuissent,

43 860 125 904 nisi
167 857 341 903 aliunde
382 858 512 917 idque
543 857 678 917 ipsius
719 866 871 915 poetae
906 871 1036 914 opera
1078 855 1129 897 iis
1170 855 1358 914 quaesita
1397 863 1504 899 esset

40 937 372 983 commendatio.
437 936 652 981 Palladius
675 938 791 981 enim
821 935 948 995 longo
975 935 1163 994 plurima
1194 935 1382 978 carmina
1413 951 1436 978 a
1463 950 1506 979 se

42 1019 201 1078 scripta
247 1016 535 1077 Anthologiae
580 1017 806 1061 inseruisse
851 1015 1041 1061 videtur.
1116 1013 1227 1059 Octo
1282 1015 1374 1059 eius
1413 1016 1506 1073 epi-

41 1106 272 1159 grammata
305 1099 347 1142 in
377 1097 572 1142 Gessium
602 1105 823 1141 mortuum
850 1097 1008 1156 scripta
1041 1095 1262 1139 σκωπτικοὶ
1296 1094 1505 1155 Cephalus

43 1178 207 1224 addidit
237 1178 549 1239 sepuleralibus
577 1178 688 1231 VII,
722 1178 975 1222 681—689.

100 1259 151 1305 In
180 1259 548 1320 Epigrammatum
582 1258 813 1318 Florilegio
832 1291 844 1311 ,
879 1257 1012 1302 altera
1042 1257 1328 1316 Anthologiae
1357 1266 1505 1318 parte,

42 1340 195 1384 ultimo
234 1354 485 1400 reponerem
527 1339 624 1383 loco
668 1340 858 1383 carmina
889 1338 1018 1382 huius
1056 1338 1331 1397 argumenti,
1364 1339 1507 1398 primo

44 1437 145 1467 vero
171 1422 476 1482 epigrammata
506 1421 703 1477 βιωφελῆ
735 1419 904 1481 aliaque
935 1434 1045 1481 quae
1075 1420 1270 1479 superius
1301 1418 1345 1462 in
1374 1433 1507 1462 unum

47 1503 263 1562 coegimus
294 1502 453 1546 librum
471 1535 484 1555 ,
516 1502 591 1562 qui
631 1502 854 1546 universus
882 1515 967 1545 uno
992 1500 1122 1544 titulo
1152 1504 1408 1554 Συμμικτῶν
1440 1502 1508 1544 in·

46 1581 294 1642 signiendus
331 1582 520 1628 videtur.
584 1581 916 1643 Epigrammatis
949 1589 1092 1624 autem
1125 1580 1352 1640 biologicis
1390 1595 1510 1625 com-

45 1662 197 1708 modus
224 1672 400 1724 paratur
441 1663 644 1707 transitus
689 1661 744 1706 ab
783 1661 1141 1722 Inscriptionibus
1183 1661 1237 1705 ad
1280 1663 1509 1722 Epigram-

45 1751 185 1797 mata,
219 1757 353 1803 quum
386 1741 470 1787 hoc
506 1743 864 1803 epigrammatum
901 1757 1034 1803 genus
1071 1743 1308 1803 antiquitus
1346 1742 1401 1786 ab
1432 1742 1507 1787 In·

45 1823 351 1885 scriptionibus
392 1839 478 1868 non
516 1823 649 1868 fuerit
686 1823 957 1876 seiunctum,
989 1822 1105 1883 quod
1137 1823 1355 1867 nonnullis
1388 1837 1506 1868 com-

46 1904 254 1966 probatur
279 1904 643 1965 Inscriptionum.
679 1918 788 1965 quae
828 1904 1057 1959 βιωφελεῖς
1094 1901 1302 1948 dicendae
1322 1937 1333 1956 ‚
1366 1919 1509 1949 exem-

47 1985 145 2046 plis.
206 1986 318 2030 Vere
347 1986 461 2030 enim
490 1985 778 2045 Diogenianus
808 1986 851 2029 in
883 1984 1214 2030 Proverbiorum
1244 1985 1503 2031 Prooemio:

43 2065 301 2127 ‹ai-dvopmvroa
332 2064 412 2110 ὅσα,
442 2069 670 2121 κοινωφελῆ
705 2064 911 2120 εὕρισκον,
944 2068 1087 2110 ταῦτα
1121 2064 1236 2109 κατὰ
1275 2065 1507 2122 λεωφόρους

45 2146 156 2196 ὁδοὺς
178 2147 430 2202 ἀνέγραφον.
465 2146 568 2191 οὕτω
597 2146 666 2190 καὶ
691 2147 750 2191 τὰ
775 2151 854 2190 τῶν
883 2150 1030 2203 Σοφῶν
1053 2146 1376 2203 ἀποφθέγματα
1401 2164 1508 2201 γνω-

47 2227 192 2279 σθῆναί
230 2231 339 2282 <posci
378 2227 448 2271 καὶ
487 2227 546 2270 πὶ
586 2228 855 2282 Πυθαγορικοὶ
895 2228 1266 2282 παραγγέλματα.
1344 2229 1511 2286 Quibus

50 2307 316 2368 Pythagorae
343 2307 583 2368 praeceptis
614 2308 841 2367 significari
881 2307 1079 2352 videntur
1108 2309 1253 2369 plures
1278 2325 1474 2354 versuum
1496 2344 1509 2363 ‚

50 2405 99 2434 ex
127 2389 283 2450 quibus
321 2391 462 2444 χρυσᾶ
497 2388 763 2448 Pythagorae
793 2389 872 2439 ἔπη
905 2389 1120 2442 conflata,
1154 2389 1315 2449 aliique
1353 2389 1512 2450 quibus

51 2469 229 2516 Hesiodi
257 2469 398 2531 Opera
423 2479 466 2515 et
495 2471 594 2515 Dies
621 2471 704 2514 iam
731 2478 895 2515 mature
918 2480 1043 2515 aucta
1071 2480 1185 2517 sunt.
1235 2472 1369 2516 Erant
1396 2474 1511 2517 enim

52 2551 378 2611 inscriptionum
415 2551 523 2596 aliae
552 2551 691 2595 soluta
720 2551 911 2597 oratione
951 2551 1164 2612 scriptae,
1197 2551 1348 2599 Schol.
1382 2552 1510 2599 Hom.

54 2630 137 2678 Od.
167 2631 302 2684 VIII,
336 2634 440 2677 351.
482 2631 529 2675 τὸ
561 2633 603 2674 ἐν
635 2635 822 2687 Δελφοῖς
857 2633 1114 2687 ἐπίγραμμα.
1133 2647 1143 2658 ·
1189 2633 1361 2686 ἐγγύα,
1395 2633 1514 2688 πάρα

53 2711 207 2762 aaa,
235 2720 277 2756 et
303 2720 466 2756 caetera
496 2721 722 2772 praecepta
742 2721 903 2773 septem
919 2714 1172 2775 Sapientum
1186 2748 1199 2768 ,
1232 2731 1273 2761 v,
1299 2715 1424 2761 Paus.
1441 2714 1478 2759 X
1497 2749 1509 2768 ,

59 2794 131 2838 24.
165 2796 204 2839 l.
249 2794 293 2837 in
324 2793 537 2838 vestibulo
565 2793 713 2854 templi
741 2793 941 2854 Delphici
971 2797 1129 2856 scripta
1150 2829 1160 2848 ‚
1196 2796 1302 2840 aliae
1326 2795 1511 2840 disticho

61 2872 239 2918 inclusae
258 2883 303 2917 ut
319 2875 525 2919 sententia
542 2875 583 2918 in
603 2875 838 2934 propylaeo
859 2876 1007 2935 templi
1023 2877 1183 2921 Deliaci
1203 2877 1314 2936 apud
1335 2879 1511 2924 Aristot.
