1794 3412
639 272 699 280 ·—-
735 250 815 292 145
847 258 906 282 -’

61 375 182 434 Quod
211 390 365 419 nomen
392 372 444 417 dc
463 374 589 417 remis
619 381 842 433 poetarum
870 388 947 416 usu
979 374 1322 433 frequentatum,
1358 388 1398 419 v,
1434 375 1518 435 Ap.

59 456 240 509 Rh.11,
275 458 378 502 661.
413 455 600 516 Oppian.
635 455 735 500 Hal.
761 455 858 507 ΙΙΙ,
894 457 998 501 240.
1033 457 1136 499 312.
1172 457 1272 500 428.
1313 456 1379 508 V,
1411 458 1518 501 296.

56 539 108 595 Q.
139 537 311 597 Smyrn.
341 538 399 582 Vl
421 572 432 589 ‚
473 541 572 582 105.
640 537 835 581 Alterum
869 537 1085 580 Leonidae
1113 553 1283 581 carmen
1310 540 1519 582 venatoris

54 619 241 664 donariis
272 620 526 679 inscriptum
565 618 785 677 legebatur
812 619 924 663 hoc:

7 692 10 695 v
177 702 404 755 Ἀστεμφῆ
432 698 643 752 ποδάγρην
673 699 741 742 καὶ
770 698 970 748 δούναικοις
996 701 1341 754 ἀντυκτῆροες,

297 781 365 824 καὶ
393 781 491 824 λίνα
518 781 586 823 καὶ
615 781 736 834 γυρὸν
762 783 883 823 τοῦτο
915 779 1187 832 λαγωοβόλον
1204 814 1215 830 ,

177 861 368 910 ἰοδόκην
393 861 462 904 καὶ
494 863 636 903 τοῦτον
663 860 729 902 ἐπ’
755 858 894 912 ὄρτυγι
920 859 1192 913 τετρανθὲντοσ

292 941 418 985 αὐλὸν
446 939 514 984 καὶ
546 943 751 983 πλωτῶν
782 939 982 987 εὖπλεκὲς
1009 938 1275 994 ἀμφίβολον,

174 1022 339 1076 Ἑρμείῃ
365 1021 585 1068 Σώσιππος
614 1018 704 1062 ἐπεὶ
737 1018 996 1073 παρενήξοιτο
1022 1020 1070 1063 τὸ
1101 1023 1234 1062 πλεῦν

0 1105 5 1166 f
292 1101 422 1154 ἥβης,
458 1102 504 1145 ἐκ
535 1101 667 1155 γήρως
700 1101 734 1144 δ’
766 1101 934 1156 ἀδρανίῃ
964 1101 1139 1145 δέδεται.

52 1183 186 1227 Versu
210 1182 352 1241 primo
388 1181 618 1226 Salmasius
647 1189 690 1225 et
714 1181 956 1225 Brunckius
987 1182 1234 1237 αἰθυκτῆροις
1253 1216 1264 1230 ,
1300 1181 1519 1226 Bernhar-

0 1255 3 1311 ὲ
52 1262 159 1322 dyas
202 1260 254 1305 ad
297 1261 423 1308 Suid.
462 1278 504 1307 v.
546 1261 778 1316 ἀστεμφέα
823 1262 1059 1321 suspicatus
1103 1270 1165 1305 est
1204 1263 1515 1318 ἄμπυκα-ἤρας,

48 1342 288 1390 Meinekius
318 1359 365 1403 p.
395 1345 495 1389 115.
539 1357 638 1388 cum
670 1343 846 1387 Reiskio
880 1343 1132 1397 ἀνθεκτῆρας
1151 1377 1162 1393 ,
1198 1343 1314 1403 quod
1346 1344 1517 1403 aptissi-

0 1406 2 1484 ᾗ
50 1428 167 1469 mum
217 1439 305 1468 esse
343 1423 568 1484 epitheton
607 1423 865 1469 arundinum
915 1433 1061 1482 captas
1108 1425 1295 1469 aviculas
1337 1426 1520 1470 firmiter

0 1491 1 1537 ἶ
51 1504 420 1565 amplectentium.
482 1503 589 1550 Mihi
625 1504 730 1549 haec
763 1507 906 1558 omnia
943 1505 1112 1564 longius
1142 1505 1287 1553 dissita
1316 1506 1520 1550 videntur

50 1595 94 1631 et
138 1586 465 1646 praeferendum
515 1586 642 1645 longe
686 1586 952 1646 simplicius:
999 1586 1200 1636 δούνοικοις
1243 1589 1523 1642 ἀγρευτῆροις.“

49 1666 134 1712 Sed
159 1668 194 1711 si
218 1667 289 1710 cui
319 1682 472 1727 parum
500 1666 711 1710 credibile
740 1666 934 1711 videatur
963 1668 1230 1712 notissimum
1259 1669 1519 1714 vocabulum

50 1756 93 1792 et
118 1747 341 1792 intellectu
373 1747 630 1791 facillimum
659 1748 717 1790 ita
759 1747 1038 1791 obliteratum
1068 1763 1157 1792 esse
1178 1781 1190 1800 ,
1226 1748 1339 1792 nihil
1369 1751 1519 1795 afferre

48 1842 221 1888 possum
263 1842 350 1887 quo
380 1828 470 1871 eius
506 1828 758 1871 sententiam
797 1825 1052 1874 convellam.
1115 1828 1309 1889 Aucupis
1340 1838 1481 1874 tamen
1502 1864 1514 1883 ,

49 1924 133 1953 non
158 1909 380 1968 piscatoris
403 1907 512 1966 ‘haee
543 1924 631 1966 esse
658 1923 836 1952 munera
855 1942 867 1961 ‚
911 1910 1009 1952 satis
1047 1919 1262 1968 apertum.
1328 1911 1515 1972 Corrup-

47 1997 139 2033 tum
175 1989 305 2049 igitur
353 2004 413 2035 vs,
446 1993 487 2033 4.
533 1992 735 2038 πλωτῶν,
787 1988 900 2047 quod
952 1987 1206 2033 mutandum
1249 1991 1294 2034 in
1335 1996 1514 2041 πτηνῶν.

49 2070 122 2116 Vs.
152 2073 194 2116 3.
227 2069 531 2115 scribendum:
568 2068 762 2119 κῖοδόκην.
827 2068 1084 2114 coniunctio
1124 2080 1240 2116 certe
1269 2072 1411 2132 aliqua
1437 2073 1514 2117 ab·

49 2165 136 2195 esse
163 2151 330 2210 nequit.
393 2150 478 2195 Sed
504 2150 557 2196 de
584 2150 664 2194 hae
691 2151 799 2193 erasi
827 2150 1015 2194 dubitari
1042 2150 1181 2196 video.
1245 2155 1307 2198 Ex
1335 2156 1515 2199 caeteris

51 2231 400 2290 inscriptionibus
438 2245 565 2276 unam
613 2239 831 2290 praeterea
870 2229 955 2273 huo
1001 2231 1268 2278 referendam
1306 2235 1510 2295 seligam,

51 2311 270 2371 Antipatri
304 2309 472 2355 Sidonii
506 2311 558 2356 A.
589 2310 638 2356 P.
666 2311 724 2354 VI
744 2344 756 2363 ,
788 2313 845 2355 93
1178 2365 1180 2368 v

168 2391 403 2445 ‘Apvroem'wv
425 2392 443 2435 ὅ
469 2390 673 2446 πρέσβυς,
709 2392 726 2433 ὂ
758 2393 844 2439 πῶς
868 2390 976 2446 ῥυτὶς
996 2427 1007 2441 ,
1043 2393 1351 2444 cumatilem-1¹45,

291 2471 403 2516 τόνδε
432 2475 529 2526 παρ’
558 2475 759 2526 Ἡρακλεῖ
787 2471 881 2522 θῆκέ
908 2489 962 2525 με
990 2474 1058 2516 τὸν
1087 2473 1282 2526 σιβύνην,

167 2554 213 2596 ἐκ
238 2557 396 2597 πολλοῦ
428 2557 621 2602 πλειῶνος
649 2552 738 2595 ἐπεὶ
766 2552 920 2612 βάρος
952 2553 1086 2598 οὐκέτι
1114 2559 1287 2610 χεῖρες

289 2633 504 2682 ἔσθενον,
539 2634 595 2682 εἰς
630 2633 821 2687 κεφαλὴν
847 2633 881 2676 δ’
905 2634 1026 2684 ἤλυθε
1053 2635 1309 2690 λευκοτέρην.

48 2713 255 2758 Ultimum
288 2714 376 2756 eius
409 2712 624 2756 distichon
658 2721 851 2756 sanatum
876 2729 962 2757 esse
994 2715 1151 2775 scripto
1180 2715 1354 2769 ἔστεγον
1386 2728 1508 2777 puta-

50 2802 148 2836 runt
196 2794 424 2839 Salmasius
474 2803 516 2838 et
549 2795 787 2838 Brunckius
809 2828 819 2846 ‚
873 2795 1083 2854 probante
1134 2797 1410 2844 Mehlhornio
1456 2802 1510 2845 ad

51 2873 226 2922 Anthol.
258 2877 356 2934 Lyr.
405 2892 448 2936 p.
476 2878 546 2921 88.
614 2876 824 2935 Equidem
870 2877 1012 2935 paullo
1051 2879 1144 2937 plus
1186 2878 1296 2923 mihi
1329 2882 1432 2926 iuris
1465 2884 1507 2926 in

1179 2958 1232 3000 10
