1794 3412
902 266 1165 305 —136—-

323 384 378 426 ris
419 382 553 426 doctis
599 384 814 425 offensioni
857 384 935 427 fuit
972 394 1144 443 propter
1184 386 1354 427 alteram
1395 385 1747 443 comparationem

323 461 507 512 illatam,
552 462 664 504 unde
703 462 915 506 Iacobsius
954 467 1077 517 χνοῦν
1108 463 1159 507 de
1200 479 1343 522 spuma
1386 465 1494 507 circa
1540 479 1609 506 ora
1649 464 1746 521 equi

320 541 495 583 collecta
536 541 834 598 interpretatus
877 550 970 593 est,
1017 543 1281 599 Boettigerus
1327 558 1421 584 vero
1460 543 1512 585 de
1555 542 1752 585 sordibus

320 634 427 677 aqua
458 618 692 663 abluendis.
760 621 946 675 Quorum
990 628 1186 664 neutrum
1226 620 1307 663 huc
1348 620 1537 678 quadrat.
1601 619 1748 677 Neque

319 698 362 739 in
394 696 557 755 duplici
587 699 899 755 comparatione
925 699 1199 742 haerendum.
1262 699 1368 743 Nam
1401 699 1523 742 verba
1543 701 1593 747 ὥς
1624 696 1746 746 ἵππος

318 775 369 818 ad
395 775 718 828 ἀποσεισάμενος
750 779 993 836 pertinent3
1034 780 1152 837 prior
1184 780 1442 837 comparatio
1481 778 1608 822 verbo
1637 777 1747 829 λάμ-

318 871 385 897 πει
417 855 573 900 addita.
637 857 724 899 Iam
758 867 804 900 ut
830 861 953 910 χνοῦς
982 857 1139 901 dicitur
1168 857 1358 901 iuvenilis
1399 865 1441 900 et
1474 857 1649 915 puerilis
1689 857 1748 898 la-

318 949 459 993 nugo,
490 937 546 978 ita
592 935 672 978 hoc
720 936 811 979 loco
851 938 1026 984 πωλικὸς
1057 940 1179 990 χνοῦς
1207 947 1267 980 est
1309 937 1420 995 quod
1461 937 1569 995 apud
1614 937 1748 992 Hesy-

318 1016 464 1058 chium
506 1015 658 1074 legitur
702 1031 742 1059 v,
782 1019 934 1067 μνοῦς·
982 1019 1004 1066 ἦ
1045 1018 1181 1070 πρώτη
1219 1020 1295 1059 τῶν
1335 1017 1471 1068 ἀμνῶν
1502 1016 1570 1057 καὶ
1606 1016 1753 1057 πώλων

321 1093 540 1144 ἐξοένθησις.
606 1090 738 1150 Quam
766 1103 808 1138 et
838 1096 978 1138 colore
1006 1104 1049 1138 et
1090 1096 1222 1137 forma
1256 1095 1571 1138 diversissimam
1609 1109 1694 1137 esse
1725 1109 1748 1135 a
1781 1119 1788 1130 ι

322 1174 432 1216 iubis
462 1174 721 1231 longioribus
748 1189 954 1232 equorum
984 1174 1221 1217 adultorum
1260 1175 1418 1217 nemini
1445 1189 1528 1216 non
1555 1188 1748 1231 comper·

317 1262 424 1296 tum.
486 1253 574 1295 Hac
614 1253 742 1310 igitur
774 1251 998 1296 charixeni
1031 1268 1127 1296 cum
1168 1267 1277 1311 equo
1307 1253 1536 1311 comparati
1571 1253 1750 1310 imagine

319 1331 593 1390 intelligimus
621 1333 811 1375 iuvenem
847 1331 1002 1386 ἔφηβον
1033 1333 1231 1391 primitiis
1265 1332 1514 1390 capillorum
1545 1331 1647 1375 deae
1685 1346 1751 1373 sa-

319 1412 442 1454 cratis
469 1420 606 1469 togam
636 1412 827 1453 sumsisse
864 1411 1043 1455 virilem.
1105 1412 1281 1469 Elegans
1310 1413 1408 1454 item
1448 1411 1585 1455 eidem
1617 1411 1749 1453 dona·

319 1490 380 1531 rio
416 1488 556 1531 addita
586 1489 804 1546 inscriptio
837 1488 1122 1547 Euphorionis
1154 1491 1207 1533 A.
1235 1490 1282 1533 P.
1318 1490 1375 1532 Vl
1395 1522 1406 1540 ,
1440 1492 1542 1534 279.

437 1568 603 1619 Πρώτας
630 1565 777 1608 ὁππότ’
800 1565 922 1616 ἔπεξε
947 1566 1082 1615 κοιλὰς
1107 1567 1279 1618 Εὔδοξος
1306 1569 1454 1622 ἐθείρας

556 1646 687 1699 Φοίβῳ
718 1645 902 1694 παιδειήν
931 1646 1092 1689 ὤπασεν
1123 1647 1307 1698 ἀγλαΐην
1327 1662 1336 1670 ·

436 1725 527 1768 ἀντὶ
561 1725 602 1767 δέ
634 1726 667 1767 οἱ
694 1724 973 1776 πλοκαμῖδας,
1007 1724 1238 1777 Ἑκηβόλε,
1272 1726 1396 1773 καλὸς
1427 1725 1541 1773 ἐπείη

554 1806 780 1858 ὧχοιρνῆθεν
811 1805 876 1847 ἀεὶ
907 1805 1041 1854 κισσὸς
1073 1805 1352 1856 ἀεξομένος.

318 1886 390 1929 vs.
419 1889 460 1928 3.
495 1883 619 1932 καλός
648 1885 794 1941 scripsi
824 1899 901 1941 pro
935 1884 1100 1942 vulgato
1145 1884 1297 1932 κάλλος
1332 1899 1379 1927 ex
1410 1884 1609 1927 Meinekii
1648 1898 1748 1926 con-

320 1965 479 2006 iectura
515 1963 677 2006 Delect.
722 1978 765 2019 p.
799 1965 896 2005 147.
930 1977 1036 2019 quae
1073 1955 1151 2020 ipsi
1195 1964 1357 2005 auctori
1386 1962 1621 2025 probabilis
1651 1964 1747 2021 qui·

317 2043 412 2086 dem
441 2044 555 2093 visa,
591 2042 660 2084 sed
696 2056 790 2083 vera
822 2041 934 2083 haud
965 2038 1092 2083 dubie
1121 2041 1248 2083 altera
1283 2039 1414 2084 haec:

436 2122 526 2163 ἀντὶ
553 2121 596 2163 δέ
621 2122 655 2163 οἱ
678 2118 954 2171 πλοκαμῖδος,
987 2119 1189 2170 Ἑκηβόλε
1208 2152 1219 2168 ,
1252 2119 1404 2167 κάλλος
1430 2121 1543 2168 ἐπείη

555 2200 815 2252 χῶχοιρνῆθεν
845 2199 909 2241 ἀεὶ
942 2198 1075 2246 κισσὸς
1106 2197 1335 2250 ἀεξόμενος.

321 2279 479 2337 Optare
514 2280 626 2322 enim
672 2287 839 2336 poetam
868 2286 913 2319 ut
955 2293 1031 2335 pro
1075 2277 1264 2336 deposito
1308 2278 1556 2337 capillorum
1597 2279 1746 2322 decore

320 2368 512 2404 venustas
541 2373 674 2416 puero
703 2365 745 2400 et
776 2355 928 2399 hedera
966 2355 1252 2408 Achaimenei,
1296 2358 1325 2400 i.
1355 2372 1393 2401 e.
1424 2358 1589 2415 poetica
1618 2359 1749 2400 virtus

321 2438 527 2496 obtingat.
589 2436 673 2480 Sed
698 2437 877 2494 speciem
905 2435 1092 2493 pulcram
1118 2435 1216 2478 deos
1245 2451 1326 2478 non
1356 2444 1503 2493 rogant
1530 2437 1572 2479 in
1599 2438 1746 2479 inscri-

319 2516 537 2577 ptionibus
568 2516 691 2558 huius
719 2517 952 2573 argumenti
989 2530 1064 2558 nec
1096 2524 1190 2573 apte
1218 2530 1307 2558 eam
1337 2515 1575 2574 Apollinem
1606 2531 1745 2574 rogas-

321 2605 382 2639 set
419 2610 538 2654 puer.
601 2595 818 2637 Praeterea
866 2593 1015 2636 vellem
1058 2594 1289 2637 Meinekius
1328 2595 1524 2653 exemplis
1573 2594 1746 2637 demon-

321 2681 486 2718 strasset
514 2676 670 2718 Graece
709 2673 870 2733 dictum
899 2688 1012 2716 esse:
1043 2672 1194 2720 κάλλος
1233 2672 1395 2716 ἔπεστιν
1425 2674 1549 2725 αὐτῷ.
1613 2674 1747 2729 Quare

321 2755 446 2803 καλός
494 2753 692 2813 praetuli.
755 2752 883 2811 Optat
923 2752 1050 2810 igitur
1094 2766 1196 2809 puer
1244 2759 1291 2793 ut
1333 2767 1407 2809 pro
1455 2751 1535 2793 hoc
1576 2762 1747 2795 munere

323 2835 465 2879 oblato
498 2833 694 2877 victoriae
736 2832 967 2890 praemium
1002 2832 1041 2874 in
1079 2830 1188 2874 ludis
1228 2831 1399 2875 scenicis
1436 2830 1513 2874 sibi
1542 2830 1744 2888 obtingat.
