1794 3412
607 267 880 308 -141-

143 392 172 435 ii
200 408 251 435 σε
278 394 373 444 μετ’
407 394 602 446 εὐχωλαῖς
631 392 890 436 ἐκαλέσσατο
915 390 1157 444 λευγαλέας
1183 389 1218 434 οἱ

265 478 389 527 κῆρας
419 474 496 517 ἄπ’
524 474 666 518 ὠδίνων
695 479 799 524 τῆλε
825 473 979 525 βαλεῖν
1003 471 1171 526 λοχίων.

37 551 109 601 Vs.
141 557 181 599 1.
225 554 382 598 codicis
426 551 608 599 Palatini
649 556 878 599 lectionem
920 555 964 598 in
1009 552 1268 608 Δαμαρὲτας
1310 551 1493 596 mutavit

0 626 122 680 ¹[curn
155 635 365 680 Salmasio
393 636 651 680 Brunckius.
716 636 953 680 Meinekius
985 650 1083 679 vero
1114 651 1160 695 p.
1188 636 1290 680 139.
1327 634 1492 678 leniore

24 716 262 761 mutatione
292 717 569 772 Ἀμφαρέτας
597 717 790 776 scripsit,
825 716 957 776 idque
988 730 1144 760 nomen
1170 715 1492 776 comparatione

26 797 256 841 similium:
301 797 590 853 Ἀμφιμένης,
637 797 920 853 ’Λμφίμαχος
957 805 1041 842 etc.
1073 798 1208 841 tuitus
1238 805 1318 842 est.
1382 795 1492 841 Mihi

27 877 297 923 scribendum
328 877 520 922 videtur:
556 877 826 931 Φαιναρέτας.
890 877 963 921 Vs.
995 880 1056 921 3„
1086 876 1248 920 codicis
1277 877 1491 937 scriptura

26 967 118 1002 est:
152 959 204 1006 ὥς
230 958 277 1000 σὲ
302 958 398 1009 μετ’
429 957 666 1010 εὐχωλαῖς,
700 971 828 1015 quam
860 957 1075 1001 revocavit
1113 957 1354 1001 Meinekius
1395 972 1488 1001 ver-

26 1039 164 1082 haita
202 1037 487 1095 coniungens:
523 1035 574 1085 ὥς
612 1053 659 1079 σε
697 1036 1043 1088 μετεκαλέσσατο
1082 1038 1309 1090 εὐχωλαῖς.
1373 1035 1489 1081 Scri-

27 1117 212 1163 bendum
246 1117 444 1164 videtur:

143 1197 195 1249 οἷς
226 1216 274 1243 σε
305 1201 402 1252 μετ’
434 1201 629 1253 εὐχωλαῖς
660 1199 924 1243 ἐκαλέσσατο
943 1224 1004 1231 -
1029 1205 1132 1250 τῆλε
1157 1200 1326 1251 βαλεῖν.

30 1280 236 1326 Lucinam
271 1280 484 1324 invocavit
518 1278 778 1324 Phaenarete
812 1295 910 1324 cum
940 1289 1038 1324 voto
1064 1279 1170 1324 haec
1207 1282 1296 1340 ipsa
1327 1280 1437 1323 dona
1465 1294 1489 1323 a

25 1375 70 1405 se
111 1360 354 1404 dedicatum
398 1361 465 1405 iri.
544 1359 887 1419 comparandum
943 1361 1224 1405 Anacreontis
1276 1359 1490 1404 distichon

27 1441 84 1485 A.
114 1441 160 1484 P.
185 1439 244 1484 Vl
267 1474 278 1491 ,
315 1442 418 1485 137.

146 1519 340 1575 Πρόφρων
366 1518 634 1572 Ἀργυρότοξε
662 1519 766 1564 δίδου
793 1521 918 1575 χάριν
944 1522 1163 1575 Αἰσχύλου
1194 1523 1264 1575 υἱῷ

266 1597 532 1653 Ναυκράτει,
566 1600 760 1653 εὐχωλὰς
791 1600 907 1649 vohs-5
934 1599 1248 1653 ὑποδεξάμενος.

15 1682 197 1725 ¹-Posaem
241 1679 363 1739 plura
404 1678 476 1722 hic
508 1694 723 1738 apponere
756 1681 942 1724 carmina
972 1690 1070 1740 post
1111 1681 1280 1724 felicem
1319 1690 1490 1739 partum

25 1764 182 1820 scripta
214 1769 257 1805 et
289 1760 477 1804 donariis
509 1761 651 1805 addita
671 1793 683 1812 ‚
717 1761 790 1805 sed
816 1762 995 1805 sufficiat
1023 1761 1125 1805 hinc
1152 1763 1367 1807 monuisse
1394 1777 1490 1807 cor·

1 1852 203 1902 'ruptum
233 1857 320 1885 esse
346 1841 497 1885 Persae
530 1843 788 1901 epigramma
820 1843 878 1886 VI
898 1876 909 1896 ‚
943 1857 983 1888 c.
1010 1845 1116 1888 272.

145 1922 274 1975 Ζῶμιέ
300 1938 390 1972 τοι,
423 1920 453 1965 ὦ
483 1923 636 1966 Λατωΐ
663 1924 731 1966 καὶ
759 1923 1014 1976 ἀνθεμόεντα
1041 1925 1250 1968 κύπασσιν

268 2002 337 2046 καὶ
364 2003 516 2058 μίτραν
540 2008 719 2056 μαστοῖς
746 2003 945 2059 σφιγκτοὶ
971 2004 1277 2058 περιπλομέναν

144 2085 296 2134 θήκατο
326 2083 556 2137 Τιμαεσσα
586 2084 866 2128 δυσωδίνοιο
896 2084 1097 2137 γενέθλας

265 2164 472 2219 ἀργαλέον
500 2163 659 2219 δεκάτῳ
689 2166 785 2217 μηνὶ
818 2169 1016 2218 φυγοῦσα
1046 2166 1188 2220 βάρος.

28 2245 77 2289 ln
109 2259 195 2303 quo
233 2260 293 2289 vs.
320 2247 364 2288 3.
408 2243 629 2287 δυσωδίνοιο
664 2245 780 2287 tenui
822 2254 987 2289 tantum
1034 2247 1186 2290 nititur
1224 2247 1382 2290 codicis
1413 2262 1489 2291 au·

28 2325 243 2368 ctoritate.
306 2322 525 2382 Scriptum
567 2324 700 2367 enim:
748 2324 910 2368 δυδίνοιο
945 2326 1243 2386 suprascriptis
1283 2328 1326 2370 in
1363 2327 1489 2370 initio

27 2403 191 2448 literis:
224 2420 295 2461 σω.
359 2402 483 2448 Unde
520 2403 812 2462 reponendum
851 2404 984 2450 videri
1021 2407 1183 2465 possit:
1229 2407 1380 2458 θήκατο
1414 2413 1488 2451 Τι-

23 2484 179 2537 adeo-0⁹
210 2483 402 2527 εὖωδίνοιο
442 2483 657 2535 γενέθλας.
721 2484 806 2528 Sed
841 2484 941 2529 huic
968 2487 1225 2530 correctioni
1255 2503 1338 2531 non
1375 2488 1489 2533 favet

28 2565 282 2609 adiectis-um
319 2564 552 2619 ἀργαλέον,
599 2544 739 2624 nequ‘e
774 2575 890 2610 recte
926 2566 1012 2610 dici
1050 2568 1216 2612 videtur
1251 2569 1386 2613 εὖώδιν
1420 2569 1488 2613 vel

27 2646 202 2694 εὐώδινος
236 2644 288 2687 de
329 2644 450 2703 prole
496 2660 623 2704 quam
659 2647 781 2689 enixa
819 2654 880 2690 est
912 2663 1136 2708 puerpera.
1201 2650 1487 2707 Quamobrem

29 2735 192 2785 poetam
236 2726 449 2784 scripsisse
488 2734 621 2785 puto:
656 2726 896 2770 δισσωδίνοιο
928 2729 1143 2780 γενέθλας.
1208 2730 1290 2775 Sed
1321 2731 1378 2774 ita
1408 2746 1491 2789 rio-¹

29 2822 127 2850 men
152 2806 379 2860 Τιμαεσσα
409 2807 569 2866 syllaba
603 2807 858 2852 curtandum
885 2817 973 2863 est,
1007 2812 1127 2855 cuius
1170 2820 1307 2856 metro
1337 2820 1488 2871 aptan-

33 2883 75 2927 di
106 2888 211 2931 ratio
243 2888 394 2933 idonea
437 2905 521 2933 non
565 2891 790 2936 succurrit.
854 2890 966 2936 Hinc
1011 2902 1150 2938 autem
1192 2894 1349 2937 firmari
1381 2902 1484 2953 puto
