1794 3412
630 234 709 286 ὲ-
742 254 828 296 269
860 277 920 284 -

49 401 194 446 codice
249 402 362 445 enim
407 402 560 460 legitur
607 406 717 446 vs.l
764 373 898 457 ‹22ch,
941 410 983 445 et
1026 415 1081 443 vs.
1116 401 1141 442 2
1195 384 1325 442 ἄλλον
1366 404 1407 441 et
1446 402 1521 440 Σο-

47 486 235 538 φοκλῆς,
266 497 376 541 quae
407 483 650 527 Brunckius
683 483 885 527 correxit.
953 482 998 526 Si
1034 495 1180 525 verum
1209 487 1271 524 est
1301 478 1343 521 ἕν
1369 475 1517 527 ἄστει,

51 565 244 623 sequitur
277 563 524 608 Sositheum
562 563 742 608 Athenis
786 563 1000 624 sepultum
1042 563 1172 606 fuisse
1194 596 1204 614 ,
1240 561 1389 620 ibique
1418 573 1523 619 poe·

51 653 136 689 tam
172 644 361 688 dramata
396 646 440 689 in
473 661 640 689 scenam
683 646 845 690 misisse
878 653 1049 688 constat
1074 660 1121 687 ex
1154 644 1276 702 Diog.
1311 643 1362 687 L.
1389 639 1521 692 VIII,

53 727 179 776 173„
214 725 391 785 eiusque
432 725 677 786 sepulcrum
711 727 832 769 cuius
865 726 994 785 cippo
1033 725 1116 768 hoc
1156 738 1326 767 carmen
1364 722 1524 766 inscri-

47 813 172 865 ptum
208 805 292 848 fuit
326 814 441 849 extra
482 821 627 849 muros
659 814 918 850 exstructum
959 806 1116 857 fuisse,
1152 803 1380 864 Sophoclis
1425 816 1525 847 vero

47 885 91 928 in
119 886 212 944 ipsa
256 885 377 930 urbe.
443 886 527 930 Sed
558 902 710 946 parum
753 887 962 931 Graecum
1000 886 1170 929 videtur
1200 885 1279 928 ἀπ’
1311 883 1525 937 αὐθαίμων

47 964 252 1019 ἡμετέρων
292 980 370 1024 pro
409 980 495 1023 quo
534 967 743 1024 scriptum
794 974 963 1024 oportet
1008 966 1090 1020 ἀφ’
1134 966 1248 1018 ἡμῶν
1296 963 1523 1016 αὐθαΙμων.

48 1045 143 1089 Non
185 1045 296 1088 enim
339 1046 545 1089 assentior
587 1045 752 1089 Naekio
805 1046 880 1105 qui
930 1044 1090 1105 Opusc.
1126 1045 1164 1090 Ι.
1209 1060 1255 1104 p.
1291 1046 1335 1090 9.
1385 1044 1525 1088 minus
1596 1078 1601 1087 .

51 1126 261 1170 Graecum
289 1126 457 1185 putavit
480 1124 611 1175 ἄλλος
635 1127 712 1169 ἀπ’
729 1125 964 1179 αὐθαίμων,
1002 1140 1192 1185 quocum
1223 1124 1373 1169 confer
1394 1127 1448 1169 A.
1475 1124 1522 1168 Ρ.

47 1206 108 1251 lx
132 1240 142 1259 ,
181 1209 283 1251 434.
329 1202 386 1256 εἵς
412 1207 498 1250 ἀπὸ
528 1211 608 1251 τῶν
640 1212 805 1251 πολλῶν
837 1207 923 1261 εἰμὶ
963 1205 1222 1261 Συρακοσίων
1242 1238 1255 1259 ,
1290 1204 1407 1265 quod
1436 1206 1528 1249 sine

47 1286 368 1348 praepositione
385 1270 550 1330 dictum
569 1303 580 1330 ε
616 1291 695 1331 τῶν
725 1291 890 1331 πολλῶν
907 1285 979 1330 ἕνα
1005 1288 1165 1342 Ἑρμᾶν
1183 1287 1226 1329 in
1247 1285 1378 1330 Anth.
1401 1284 1523 1329 Plan.

53 1371 152 1414 192.
190 1369 230 1413 l.
295 1367 379 1412 Sed
409 1384 488 1427 pro
517 1367 721 1423 ἡμετέρων
754 1367 1030 1412 scribendum
1059 1367 1280 1422 ἡμέτερον,
1316 1375 1364 1410 ut
1398 1366 1526 1410 huius

52 1447 228 1492 distichi
271 1450 325 1491 sit
378 1450 618 1493 sententia:
671 1465 700 1491 »
719 1449 866 1493 eadem
911 1463 1012 1491 cura
1065 1447 1254 1492 Sosithei
1310 1447 1524 1491 tumulum

50 1543 292 1587 corpusque
322 1536 420 1587 tego
452 1537 495 1572 et
531 1538 653 1572 tueor
682 1544 764 1588 qua
797 1529 904 1572 alius
933 1528 1115 1572 fratrum
1145 1527 1409 1586 Sophoclem
1447 1543 1526 1572 no·

9 1626 11 1628 ·
47 1609 112 1652 bis
152 1608 480 1652 dilectissimum
524 1617 566 1651 et
607 1610 838 1652 maximum
874 1608 1098 1668 poetam.”
1163 1608 1213 1652 In
1252 1608 1397 1667 priore
1429 1623 1526 1652 sen·

52 1689 209 1733 tentiae
236 1698 358 1748 parte
390 1690 593 1733 omissum
621 1698 684 1733 est
710 1689 882 1741 τόσσον,
919 1698 968 1732 ut
1002 1689 1044 1733 in
1075 1689 1129 1733 A.
1164 1689 1213 1735 P.
1238 1689 1282 1741 1,
1321 1692 1391 1734 17.
1435 1690 1525 1733 οὐκ·

50 1769 113 1813 έτι
149 1768 374 1824 θαυμάζοις
406 1770 606 1825 προτέρων
635 1770 752 1820 κλέος
780 1796 842 1802 —
867 1769 1060 1814 ὁσσάτιόν
1096 1786 1172 1824 περ
1206 1770 1323 1821 κῦδος
1355 1773 1525 1815 ’Iovaru-

54 1855 122 1900 νῆς
154 1848 460 1904 πινυτόφρονος.
492 1851 568 1895 ΧΙ.
607 1853 707 1895 131.

172 1928 258 1973 οὔτ’
290 1931 357 1974 ἐπὶ
392 1931 676 1979 Δευκαλίωνος
710 1929 809 1985 ὕδωρ
841 1929 909 1974 ὅτε
942 1930 1069 1974 πάντ’
1101 1932 1271 1983 ἐγενήθη

294 2011 375 2055 οὔθ’
401 2012 420 2054 ὃ
447 2011 724 2066 καταπρήσας
756 2011 851 2059 τοὺς
879 2010 947 2054 ἐπὶ
976 2016 1056 2063 γῆς
1091 2011 1278 2061 Φαέθων,

171 2091 400 2145 ἀνθρώπους
427 2090 604 2135 ἔκτεινεν
637 2088 751 2139 ὅσους
783 2090 992 2142 Ποτάμων
1023 2091 1042 2133 ὃ
1070 2091 1257 2142 ποιητής.

6 2168 13 2234 η’
52 2168 355 2223 Theocr.1X,
390 2173 464 2214 34.
509 2171 593 2228 Ap.
628 2169 713 2214 Rh.
739 2169 812 2221 11,
848 2172 951 2214 612.
1003 2170 1225 2214 Sositheus
1265 2180 1407 2215 autem
1444 2180 1525 2216 tra-

8 2252 11 2254 ’
51 2249 222 2310 goedias
249 2250 418 2310 scripsit
444 2259 486 2294 et
513 2251 697 2308 satyrica
721 2249 935 2297 dramata,
971 2258 1014 2294 et
1043 2252 1196 2310 tragici
1221 2251 1526 2313 quidem'poe·

6 2347 10 2377 ἱ
53 2339 120 2374 tae
137 2330 284 2374 laudes
315 2330 560 2390 complexus
587 2339 650 2374 est
683 2330 955 2374 Dioscorides
987 2346 1045 2374 vs.
1069 2333 1180 2374 1—5
1199 2363 1210 2383 ,
1247 2331 1402 2390 quibus
1427 2347 1524 2377 eum

0 2455 1 2459 ,
55 2412 236 2456 alterum
271 2411 531 2471 Sophoclem
566 2411 673 2455 dixit
704 2419 848 2471 poeta.
913 2410 996 2455 Sed
1028 2411 1128 2456 inde
1165 2427 1188 2454 a
1217 2427 1336 2456 versu
1370 2413 1526 2472 quinto

55 2491 246 2536 celebrat
272 2492 511 2535 dramatum
540 2492 823 2550 satyricorum
854 2500 1023 2551 poetam
1052 2500 1094 2536 et
1123 2491 1205 2536 hoc
1224 2494 1456 2553 praecipue
1480 2494 1525 2538 in

6 2586 9 2588 ’
52 2571 251 2617 Sositheo
280 2572 426 2616 laudat
456 2572 573 2632 quod
617 2573 823 2630 satyricae
858 2587 1030 2632 poeseos
1060 2589 1194 2633 genus
1220 2573 1270 2618 ad
1300 2575 1526 2635 pristinam

0 2990 11 3063 <wau
0 2790 14 2971 ==eu-:r;‘.÷1·v·1‚··
3 2700 11 2711 2

57 2654 273 2698 revocavit
315 2654 399 2697 oris
425 2653 855 2713 magniloquentiam.
922 2654 1064 2711 Quum
1108 2655 1221 2699 enim
1260 2655 1333 2698 alii
1361 2664 1409 2700 ut
1437 2655 1526 2715 Ly-

55 2733 218 2793 cophro
251 2734 294 2776 in
335 2733 587 2778 Menedemo
626 2733 817 2777 dramate
856 2733 1042 2791 satyrico
1074 2749 1140 2778 res
1175 2750 1224 2778 er
1261 2735 1403 2779 media
1438 2737 1529 2781 vita

54 2814 213 2873 petitas
245 2830 439 2860 sermone
468 2816 600 2875 magis
630 2814 849 2858 communi
879 2822 922 2858 et
953 2814 1205 2874 quotidiano
1232 2817 1523 2877 explicarent,

59 2902 103 2937 ut
132 2893 215 2938 hoc
244 2911 419 2954 poeseos
446 2910 577 2954 genus
610 2897 730 2939 novis
764 2894 1159 2947 accommodaretur
1187 2897 1410 2951 moribus,
1445 2897 1526 2943 So·
