1794 3412
909 256 1170 298 *120-

557 380 696 419 τοῦτον
728 376 760 418 δ’
793 378 913 419 αὐτὸν
945 380 964 419 ὁ
996 366 1163 429 δᾶμος(
1182 381 1232 425 ὡς
1264 377 1367 432 σάφ’
1400 380 1502 437 εἰδῇς
1521 379 1545 436 ,f

556 455 699 497 ἔστασ’
730 456 865 498 ἐνθάδε
896 456 1078 510 χάλκεον
1108 456 1293 506 ποιητοίν.

322 534 528 592 Legitima
553 535 665 576 enim
699 535 867 577 dicendi
898 536 1030 579 forma
1058 545 1119 579 est
1150 539 1337 589 χαλκοῦν
1369 537 1560 586 ἱστάναι,
1594 546 1635 581 et
1666 553 1752 581 ποι-

320 611 421 661 ητοίν
446 611 549 655 adeo
579 613 832 671 iungendum
866 629 961 657 cum
990 617 1309 673 pronominibus
1336 620 1475 660 τοῦτον
1504 617 1640 660 αὐτόν.
1703 618 1752 660 In

318 705 525 733 marmore
562 690 771 750 hodieque
802 695 1026 751 superstite
1059 702 1101 738 et
1134 695 1409 739 Anacreontis
1438 695 1612 754 imagini
1652 695 1753 737 sub·
1789 682 1791 689 ἒ

317 771 521 828 scriptum
559 770 721 827 *legitur
758 772 944 815 eiusdem
986 772 1200 816 Theocriti
1241 775 1494 833 epigramma
1521 775 1614 826 IX,
1649 776 1749 818 599.

317 849 352 891 si
389 849 563 907 Ligeri-o
604 849 708 894 fides
758 867 806 893 ex
858 867 945 909 quo
986 852 1066 896 hoc
1110 855 1296 897 enotavit
1341 853 1591 896 Welckerus
1642 854 1750 897 Mus.

318 927 459 973 Rhen.
502 931 630 973 1845.
674 945 720 988 p.
753 932 854 974 467.
926 931 1247 990 Inscriptionem
1291 932 1463 989 quidem
1502 932 1627 974 fuisse
1672 932 1752 974 hoc

316 1008 571 1065 epigramma
596 1008 759 1051 nullum
793 1008 996 1060 dubium,
1032 1025 1156 1068 quam
1191 1009 1271 1052 hoc
1298 1011 1391 1052 loco
1423 1011 1502 1052 nisi
1534 1010 1657 1067 plane
1685 1011 1751 1052 in-

315 1088 504 1144 tegritati
539 1089 804 1138 restitutam,
838 1097 879 1131 at
918 1088 1062 1131 saltem
1103 1104 1123 1129 a
1164 1089 1308 1139 vitiis,
1350 1102 1457 1145 quae
1498 1090 1750 1132 recentiores

316 1166 550 1209 intulerunt
569 1199 579 1218 ,
614 1174 910 1225 perpurgatam
940 1166 1048 1209 dabo
1068 1184 1079 1209 ε

437 1248 573 1288 Θᾶσαι
601 1247 669 1289 τὸν
699 1245 917 1300 ἀνδριάντα
947 1250 1111 1294 τοῦτον,
1145 1244 1173 1287 ὦ
1204 1245 1330 1295 Sive,-

551 1324 707 1380 σπουδᾷ
739 1324 807 1367 καὶ
839 1324 933 1376 λέγ’
960 1323 1064 1368 ἐπὰν
1090 1326 1131 1372 ἐς
1158 1322 1260 1366 οἶκον
1290 1322 1423 1378 ἔνθῃς·

432 1404 712 1458 Ἀνακρέοντος
739 1404 855 1447 εἰκόν’
881 1402 983 1447 εἶδον
1013 1405 1061 1446 ἐν
1091 1403 1194 1457 Τέῳ

549 1487 641 1525 τῶν
670 1482 840 1536 πρόσθ’
872 1481 915 1524 εἴ
944 1498 991 1525 τι
1022 1482 1256 1534 περισσὸν
1286 1480 1547 1534 ᾠδοποιῶν·

431 1562 606 1614 προςθεὶς
637 1561 678 1604 δὲ
703 1560 809 1614 χῶτι
839 1566 923 1609 τοῖς
954 1559 1092 1603 νέοισιν
1123 1558 1271 1607 ἅδεα-ο,

549 1640 648 1694 ἐρεῖς
679 1639 875 1694 ἀτρεκέως
907 1637 997 1683 ὅλον
1027 1639 1096 1682 τὸν
1125 1637 1264 1692 ἄνδρα.

314 1720 385 1763 Vs.
415 1723 458 1764 3.
491 1728 738 1778 corruptum
767 1728 828 1762 est
855 1719 897 1761 ἐν
926 1717 1030 1772 Τέῳ.
1092 1718 1321 1776 Imaginem
1357 1718 1583 1760 enimnon
1610 1720 1652 1760 in
1683 1719 1747 1760 in-

313 1800 402 1842 sula
431 1799 575 1844 Ionica
603 1800 688 1843 Teo
715 1800 893 1858 positam
923 1799 1050 1841 fuisse
1078 1798 1167 1856 ipsa
1194 1796 1398 1839 dialectus
1431 1796 1569 1842 docet.
1632 1798 1747 1853 Quae

313 1878 567 1922 documento
606 1886 668 1921 est
706 1892 795 1920 eam
840 1878 882 1919 in
922 1876 1130 1919 vestibulo
1173 1875 1340 1918 aedium
1375 1876 1529 1933 privati
1566 1875 1747 1919 hominis

310 1958 527 2001 Doriensis
572 1958 819 2000 collocatam
863 1957 1006 2000 fuisse.
1078 1954 1357 1998 Scribendum
1401 1963 1499 2000 est:
1531 1957 1577 1998 ἐκ
1621 1956 1740 2005 Τέω,

312 2037 343 2081 i.
367 2052 407 2080 e.
439 2035 719 2089 Ἀνακρέοντος
747 2035 885 2084 Τηΐου.
950 2034 1032 2090 Qui
1059 2035 1247 2092 sequitur
1285 2049 1426 2076 versus
1451 2050 1599 2091 parum
1631 2044 1744 2078 recte

312 2116 556 2158 criticorum
597 2130 725 2173 opera
755 2115 1007 2157 constitutus
1037 2122 1113 2157 est.
1177 2114 1357 2156 Pessime
1393 2114 1505 2155 enim
1548 2114 1740 2159 dictum:

311 2195 591 2249 Ἀνακρέοντος
617 2221 677 2227 -
697 2193 792 2237 εἴτι
814 2191 1014 2247 περισσόν.
1078 2192 1283 2236 Graecum
1314 2201 1445 2237 esset:
1481 2192 1520 2234 εἴ
1541 2209 1643 2241 τινος
1670 2210 1742 2236 πε-

309 2278 458 2328 ρισσοῦ.
522 2274 580 2318 Ut
608 2274 651 2315 in
679 2272 813 2331 soph.
848 2271 900 2317 0.
924 2272 974 2316 C.
1003 2274 1105 2315 734.
1138 2270 1350 2314 σθένουσαν
1380 2270 1419 2314 εἴ
1443 2275 1518 2314 τιν’
1544 2272 1742 2321 Ἑλλάδος

309 2353 442 2406 μέγα.
503 2353 571 2397 Αἰ.
614 2353 713 2396 487.
761 2349 908 2404 ἑξέφυν
955 2351 1106 2404 πατρὸς
1153 2350 1262 2404 εἴπερ
1314 2351 1418 2399 τινὸς
1463 2350 1660 2400 σθένοντος
1702 2355 1744 2394 ἐν

308 2433 474 2486 πλούτῳ
505 2434 682 2484 Φρυγῶν.
722 2428 874 2471 Strabo
902 2429 964 2479 V,
999 2428 1042 2473 2.
1085 2438 1118 2474 t.
1141 2430 1177 2473 Ι.
1227 2445 1271 2487 p.
1299 2431 1400 2474 362.
1443 2430 1631 2474 Tauchn.
1672 2432 1740 2473 καὶ

309 2512 393 2564 γὰρ
425 2509 463 2552 εἴ
490 2525 593 2552 τισιν
624 2511 720 2560 ἡμῖν
747 2522 799 2558 γε
825 2508 896 2550 οὐκ
925 2506 976 2549 ἂν
1003 2507 1184 2561 ὑπῆρξαν
1213 2509 1370 2562 ὁραταί.
1431 2509 1479 2552 In
1511 2510 1654 2552 codice
1682 2510 1742 2552 le·

309 2592 448 2648 gitur:
492 2593 569 2632 τῶν
607 2589 741 2640 mon-6⁹
774 2588 854 2629 ἐντι
888 2588 1074 2640 περισσὸν
1102 2587 1311 2640 ᾠδοποιοῦ,
1347 2591 1457 2646 quod
1499 2590 1552 2630 ita
1597 2605 1740 2632 emen-

308 2670 493 2715 dandum
520 2677 652 2728 puto:

484 2747 764 2801 Ἀνακρέοντος
795 2747 910 2790 εἰκόν’
942 2745 1052 2790 εἶδον.
1086 2748 1129 2789 ἐκ
1161 2747 1248 2790 Τέω

604 2831 672 2870 τοῦ
706 2826 869 2880 πρόσθεν
901 2844 940 2869 τι
973 2827 1154 2880 περισσὸν
1187 2827 1382 2879 mommo.
