1794 3412
672 222 911 262 „31—

65 350 321 409 epigramma
350 347 485 391 multo
519 346 784 390 emendatius
815 346 857 388 in
901 344 1185 404 Anthologiae
1223 344 1369 388 codice
1397 358 1524 404 quam

63 432 106 474 iu
135 427 346 474 Athenaei
373 427 495 471 libris
522 426 696 486 legitur.
730 426 856 471 Illinc
873 426 1046 469 assumsi
1072 425 1213 480 ταχὺς
1230 422 1354 474 ἵππος
1387 439 1450 470 vs.
1473 426 1522 475 1,

64 525 124 557 vs,
163 510 189 553 2
245 509 357 554 οὐδὲν
387 507 440 552 ἄν
470 534 532 541 -
561 507 691 564 σοφόν
734 516 776 552 et
821 523 884 552 vs,
921 510 945 551 4
991 506 1146 551 ὠδώδει.
1213 505 1343 567 Apud
1388 503 1526 550 Athe-

61 605 213 637 naeum
244 590 402 650 legitur
438 588 579 643 μέγας
614 586 768 638 ἵππος,
816 590 931 633 vs.-2
972 587 1154 642 χρηστὸν
1183 586 1295 631 οὐδὲν
1325 584 1378 630 ἂν
1408 602 1448 629 τ.
1483 593 1530 630 et

62 687 124 717 vs,
151 674 178 715 4
209 669 383 720 ὧδωδώς.
435 670 606 714 Inversa
635 670 728 713 vice
756 684 804 713 ex
843 668 1065 713 Athenaeo
1109 668 1210 712 dedi
1256 683 1317 714 vs-
1344 670 1372 711 3
1401 668 1527 712 ταῦτ’

62 751 209 804 ἔλεγεν
240 767 321 812 pro
349 754 464 796 τοῦτ’
495 750 643 803 ἔλεγεν
677 752 721 794 in
762 749 897 794 Anth.
937 758 980 793 et
1019 749 1151 799 τέκοις
1185 765 1244 794 vs.
1272 751 1301 792 2
1347 763 1428 809 pro
1457 747 1527 792 ’τέ-

15 834 17 837 ’
62 848 153 883 κοι,
198 847 326 893 quam
370 832 563 875 vitiosam
602 830 831 874 lectionem
875 830 1090 889 corrigere
1132 829 1411 888 neglexerant
1446 828 1528 872 viri

61 913 194 959 docti.
256 912 529 957 Adiectivum
570 909 699 966 σοφόν
726 909 1024 969 aptissimum,
1057 910 1253 968 ineptum
1293 924 1396 953 vero
1420 925 1527 964 χρη·

12 1047 14 1051 λ
60 991 170 1037 στόν.
237 992 309 1039 vs.
338 996 364 1035 5
405 990 518 1051 apud
550 990 821 1036 Athenaeum
853 991 914 1034 ita
949 990 1135 1050 scriptus
1177 998 1267 1034 est:
1313 988 1526 1044 τοιγάρτοι

59 1071 279 1129 στεφάνων
318 1072 440 1125 δόμος
482 1071 642 1127 ἔβρυεν.
708 1071 794 1117 Sed
841 1071 1011 1116 codices
1049 1074 1278 1126 τοιγαροῦν.
1345 1071 1528 1131 Propter

59 1153 179 1207 δόμος
211 1153 426 1198 Iacobsius
466 1154 638 1213 scripsit
668 1152 824 1207 μέγαρ’
857 1151 1000 1207 ἔβρυεν
1029 1167 1107 1212 pro
1149 1151 1312 1196 codicis
1341 1151 1528 1196 Palatini

10 1247 12 1254 ’
59 1234 269 1280 lectione:
303 1234 446 1288 μέγας
473 1233 643 1290 ἔβρυεν,
677 1233 750 1279 sed
778 1233 956 1278 domum
984 1242 1137 1293 poetae
1161 1232 1232 1277 hic
1259 1233 1402 1277 minus
1429 1241 1529 1295 apte

10 1347 11 1350 =
59 1295 288 1361 memorari
312 1318 396 1360 iam
419 1316 473 1360 ab
501 1315 598 1360 aliis
621 1316 850 1363 monitum.
914 1315 1154 1361 Meinekius
1180 1314 1348 1360 Delect.
1376 1315 1527 1375 Epigr.

61 1413 107 1457 p.
124 1399 225 1443 155.
258 1398 502 1442 coniunctis
529 1397 818 1458 Anthologiae
844 1405 886 1441 et
904 1397 1115 1442 Athenaei
1136 1396 1396 1441 lectionibus
1422 1398 1529 1440 scri-

61 1477 252 1522 bendum
270 1479 479 1524 coniecitt
510 1478 660 1533 τοιγὰρ
691 1478 771 1522 ὑπὸ
797 1476 1022 1532 στεφάνοις
1039 1477 1170 1530 δέμας
1197 1477 1356 1533 ἔβρυεν.
1391 1477 1530 1538 Equi-

62 1557 162 1602 dem
193 1558 455 1603 redeundnm
485 1567 592 1620 puto
609 1559 660 1602 ad
679 1559 940 1603 sanissimam
969 1557 1130 1602 codicis
1159 1558 1417 1604 lectionema
1452 1558 1527 1612 μέ-

61 1653 148 1691 νοις
178 1638 346 1694 ἔβρυεν,
380 1639 562 1699 reliquis
593 1641 652 1682 ita
683 1639 876 1698 scriptis:

182 1719 331 1774 τοίγαρ
355 1719 423 1762 ἐπὶ
449 1718 683 1774 στεφάνους
714 1718 856 1772 μέγας
885 1719 1029 1773 ἔβρυεν
1046 1752 1058 1769 ,
1092 1716 1187 1774 εἶχε
1213 1719 1255 1763 δὲ
1281 1721 1408 1773 κισσῷ

299 1798 492 1852 μέτωπον
514 1797 659 1855 οἷοίπερ
689 1799 741 1843 σὺ
772 1800 1080 1854 κεκροκωμένον.

0 1886 3 1926 ἑ
61 1879 127 1924 lta
169 1879 304 1927 Anth.
346 1880 466 1926 Plan.
502 1883 577 1926 54.
612 1883 657 1927 7.
703 1878 876 1931 πηδήσει
908 1878 1035 1934 τάχα
1057 1879 1225 1933 χαλκὸς
1257 1880 1326 1924 ἐπὶ
1354 1879 1526 1936 στέφος.

62 1960 253 2005 Primum
282 1961 397 2005 enim
439 1961 602 2005 mentio
629 1959 826 2005 facienda
849 1969 941 2004 erat
968 1960 1142 2004 virtutis
1168 1962 1391 2020 poeticae,
1427 1961 1528 2005 bea-

63 2048 130 2084 tae
159 2041 318 2101 ingenii
358 2056 491 2085 venae
511 2075 523 2094 ,
568 2041 798 2100 largaeque
825 2040 1079 2085 facetiarum
1114 2043 1264 2101 copiae
1297 2057 1404 2102 quas
1430 2043 1529 2086 vino

64 2119 260 2165 debuerit
287 2121 451 2165 scilicet
481 2121 678 2166 Cratinus
705 2130 748 2165 et
776 2121 950 2165 demum
981 2130 1077 2181 post
1108 2120 1215 2167 haec
1255 2122 1529 2167 memoranda

64 2200 238 2243 victoria
266 2210 404 2260 parta.
467 2201 615 2244 Priora
651 2201 897 2259 complexus
928 2210 991 2244 est
1026 2210 1151 2261 poeta
1188 2204 1352 2250 verbis:
1387 2205 1528 2258 μέγας

65 2278 237 2333 ἔβρυεν,
273 2296 382 2340 quae
420 2281 634 2341 aptissima
664 2280 718 2324 de
747 2280 926 2325 Cratino
965 2282 1041 2340 qui
1069 2297 1189 2326 mero
1223 2284 1413 2329 irritatus
1440 2293 1530 2329 tor-

64 2361 197 2404 rentis
237 2361 323 2404 ritu
350 2360 660 2420 prorumpebat
687 2369 730 2404 et
757 2362 852 2404 vivo
877 2362 1044 2422 gurgite
1076 2362 1317 2408 exundabat
1344 2364 1531 2424 indeque

65 2453 265 2485 coronam
286 2443 524 2502 praemium
549 2440 715 2486 retulit.
778 2441 987 2502 Compara
1016 2442 1319 2503 Aristophanis
1346 2444 1406 2489 de·
1426 2445 1531 2490 Cra-

66 2519 157 2564 tino
197 2537 341 2566 versus
382 2523 495 2582 qu.
525 2523 613 2565 526
646 2537 742 2582 sqq.
789 2531 833 2566 et
871 2523 1002 2582 ipsius
1036 2523 1203 2568 Cratini
1242 2524 1530 2584 fragmentum

64 2600 254 2646 eiusdem
296 2601 499 2654 fabulae,
544 2618 592 2646 ex
625 2618 711 2661 qua
744 2618 911 2650 versus:
960 2602 1059 2658 ὕδωρ
1088 2603 1131 2648 δὲ
1166 2605 1290 2649 πίνων
1328 2607 1439 2650 οὐδὲν
1478 2607 1529 2650 ἂν

66 2679 192 2730 τέκοις
224 2682 382 2738 σοφόν,
417 2682 571 2727 ductus
602 2692 691 2736 est,
725 2683 836 2744 apud
868 2682 1016 2730 Schol.
1050 2686 1126 2731 Ar.
1162 2686 1273 2746 qu.
1309 2687 1340 2734 l.
1371 2703 1409 2734 c.

244 2761 354 2815 ἄναξ
380 2765 596 2808 ’Ἄπολλον
615 2798 626 2814 ,
661 2768 740 2808 τῶν
773 2766 878 2808 ἐπῶν
909 2769 987 2809 τῶν
1017 2766 1260 2821 ῥευμάτων·

248 2848 478 2899 καναχοῢσι
512 2845 675 2898 πηγαὶ,
710 2845 1022 2900 δωδεκάκρουνον
1053 2847 1099 2890 τὸ
1131 2848 1271 2901 στόμα
1290 2883 1299 2897 ,
