1794 3412
930 274 1132 311 ὴ.-4....

739 304 753 322 1

322 397 495 437 tinorum
525 408 646 452 opera
676 406 815 435 rursus
851 394 890 434 in
928 408 1056 436 unum
1088 394 1223 435 locum
1260 387 1486 433 revocanda
1520 399 1614 434 sunt
1635 423 1646 442 ,
1682 392 1746 434 id-

320 489 400 530 que
433 475 472 514 in
504 471 714 514 nonnullis
752 471 925 513 inferius
967 471 1065 515 feci.
1129 470 1249 525 Quod
1277 471 1446 513 sirecte
1476 469 1633 512 factum
1660 485 1745 512 esse

318 552 524 594 constabit
560 559 600 593 et
634 552 802 607 insuper
842 549 1078 592 luculenter
1115 549 1443 592 demonstratum
1475 549 1554 592 erit
1584 548 1748 607 Cepha-

317 632 398 676 lam
436 630 609 672 arbitrio
651 629 780 686 magis
812 643 936 686 quam
980 638 1093 672 certa
1130 644 1274 672 norma
1315 643 1435 670 usum
1472 627 1748 671 diversissima

317 710 548 766 promiscua
591 708 813 774 habuisse,
861 709 1070 751 neminem
1111 691 1358 765 nega-turum
1411 708 1559 766 opinor
1603 708 1747 750 futuro

315 788 490 838 editori,
522 789 593 845 qui
615 789 761 830 iustam
781 787 1062 844 Anthologiae
1085 787 1313 830 editionem
1339 774 1382 830 et
1407 786 1542 829 doctis
1559 785 1743 829 habilem

315 876 356 908 et
395 866 654 912 eruditorum
682 867 774 908 usui
805 865 1156 908 accommodatam
1198 865 1473 908 adornaturus
1503 865 1588 914 sit,
1615 878 1743 922 repu-

314 945 512 988 diandum
542 959 628 989 esse
671 945 861 988 ordinem
906 946 1145 987 institutum
1185 945 1237 986 ab
1265 944 1603 1002 antiquioribus,
1636 943 1747 986 con-

319 1026 502 1068 stantino
535 1024 718 1083 cephala
751 1033 794 1067 et
822 1025 1002 1067 Maximo
1034 1023 1220 1066 Planude
1240 1056 1251 1074 ,
1282 1032 1323 1066 et
1353 1024 1463 1066 inter
1493 1021 1745 1064 recentiores

314 1118 335 1144 a
367 1103 609 1154 Brunckio‚
654 1103 726 1160 qui
765 1111 1002 1160 temporum
1033 1102 1212 1144 rationes
1265 1109 1431 1143 secutus
1470 1099 1580 1142 haud
1615 1099 1745 1142 dubie

313 1183 450 1240 aptius
476 1197 598 1240 quam
630 1181 862 1238 superiores
897 1181 1197 1238 epigrammata
1223 1179 1447 1231 discrevit,
1481 1179 1563 1221 suis
1593 1179 1744 1236 cuique

311 1270 458 1318 poetae
489 1261 744 1303 carminibus
775 1260 963 1304 tributis.
1024 1259 1106 1302 Sed
1138 1274 1190 1301 ne
1222 1260 1282 1301 sic
1314 1258 1485 1317 quidem
1516 1259 1614 1300 satis
1640 1272 1740 1316 pro-

311 1348 497 1396 spectum
527 1348 587 1381 est
616 1353 667 1381 ne
695 1338 872 1381 lectores
898 1338 1054 1380 novitia
1083 1338 1305 1380 verborum
1335 1337 1640 1394 significatione
1667 1336 1742 1379 de·-

312 1420 423 1475 cepti
451 1427 492 1460 et
520 1419 576 1461 ita
604 1429 787 1460 veterum
822 1425 1040 1475 poetarum
1071 1417 1276 1460 rationem
1309 1416 1359 1459 ad
1389 1415 1615 1459 hodiernae
1641 1429 1742 1457 con-

311 1498 543 1540 suetudinis
585 1511 773 1539 normam
816 1498 1000 1539 exacturi
1039 1496 1173 1538 aliena
1212 1496 1352 1538 omnia
1381 1496 1740 1552 Epigrammatum

313 1577 446 1631 poetis
475 1575 642 1618 Graecis
684 1574 887 1616 tribuant.
952 1575 1009 1616 At
1036 1573 1100 1615 his
1139 1574 1314 1615 maxime
1343 1572 1636 1630 praeiudicatis
1664 1573 1743 1614 im·

310 1655 539 1712 peritorum
566 1652 835 1711 opinionibus
859 1652 912 1693 ab
935 1651 1099 1710 editore
1124 1650 1288 1693 obviam
1315 1649 1498 1692 eundum
1525 1658 1602 1693 est.
1634 1650 1740 1694 Nam

311 1733 465 1775 centies
492 1731 592 1774 licet
618 1731 857 1772 monuerint
886 1729 1038 1772 eruditi
1068 1737 1256 1773 veterum
1282 1730 1437 1788 scripta
1461 1743 1598 1786 neque
1618 1728 1743 1787 plene

311 1810 485 1866 intelligi
527 1824 662 1866 neque
690 1817 803 1851 recte
829 1808 1049 1850 diiudicari
1091 1823 1208 1866 posse
1249 1808 1328 1850 nisi
1366 1808 1418 1850 ab
1452 1822 1501 1850 eo
1537 1808 1610 1865 qui
1651 1809 1739 1850 aevi

309 1891 369 1931 sui
412 1888 755 1930 consuetudinem
796 1887 920 1944 plane
961 1887 1151 1935 exuerit,
1199 1900 1280 1928 non
1319 1885 1556 1928 mirandum
1600 1894 1738 1929 tamen

308 1967 447 2025 plures
473 1968 662 2009 inventos
687 1982 774 2009 esse
801 1967 873 2024 qui
897 1965 977 2007 hoc
1003 1965 1242 2007 faciendum
1268 1979 1352 2007 esse
1369 1973 1587 2008 monerent
1612 1980 1738 2024 quam

310 2047 382 2104 qui
404 2061 546 2088 revera
576 2046 847 2104 perfecerint.
911 2045 985 2087 Est
1013 2044 1122 2086 enim
1152 2042 1255 2085 haec
1281 2057 1344 2084 res
1372 2056 1455 2085 non
1485 2043 1647 2086 minimi
1676 2044 1737 2086 la·

309 2125 445 2175 boris,
479 2139 603 2182 quem
629 2124 866 2182 paucissimi
892 2122 1111 2166 exhaurire
1141 2121 1295 2165 valent.
1356 2123 1452 2165 Jam
1483 2137 1608 2173 vero,
1642 2123 1736 2165 uni-

308 2220 420 2247 versa
447 2203 700 2261 Anthologia
723 2203 772 2245 ad
798 2218 890 2245 eam
918 2217 1042 2260 quam
1064 2201 1188 2244 modo
1209 2201 1498 2244 commendavi
1533 2202 1735 2244 rationem

307 2284 543 2341 descripta,
588 2290 635 2324 ut
667 2282 826 2324 diversa
866 2282 1035 2323 seorsim
1068 2280 1285 2338 legantur,
1334 2279 1487 2322 similia
1525 2294 1622 2322 vero
1652 2295 1736 2322 uno

306 2371 478 2411 tenore,
511 2362 646 2419 primo
672 2361 812 2403 statim
846 2360 1048 2417 adspectu
1079 2358 1300 2401 discrimen
1341 2357 1560 2400 manifesto
1592 2371 1737 2401 cerne=

308 2450 376 2482 tur
401 2449 444 2482 et
468 2448 620 2498 sponte
644 2441 685 2482 in
715 2439 857 2482 oculos
885 2439 1071 2480 incurret
1101 2436 1422 2481 diversissimum
1451 2436 1576 2478 fuisse
1604 2436 1735 2479 Grae-

308 2532 452 2561 corum
474 2527 690 2576 poetarum
715 2518 756 2559 in
786 2516 849 2559 his
880 2516 1133 2559 carminibus
1159 2513 1470 2557 conscribendis
1498 2514 1733 2557 institutum

307 2599 360 2640 ab
398 2612 474 2639 usu
511 2598 810 2640 recentiorum.
882 2598 935 2640 Et
974 2597 1109 2654 ipsum
1153 2594 1235 2636 hoc
1274 2593 1478 2636 lectorum
1521 2595 1650 2635 menti
1690 2595 1733 2636 in

306 2676 594 2731 perlustranda
633 2674 885 2730 Anthologia
925 2677 1092 2732 penitus
1133 2673 1302 2716 insitum
1341 2680 1382 2714 et
1413 2672 1530 2729 quasi
1576 2672 1732 2714 inscul—

305 2764 424 2812 ptum
452 2753 592 2798 velim.
650 2753 819 2797 Scilicet
846 2769 893 2796 ex
923 2769 1007 2812 quo
1037 2753 1195 2796 iuvenis
1223 2751 1329 2793 hanc
1357 2751 1568 2793 literarum
1602 2752 1731 2794 Grae-

306 2848 446 2875 carum
475 2841 635 2890 partem
667 2833 784 2889 attigi
817 2842 855 2876 et
885 2833 1118 2877 accuratius
1150 2831 1251 2875 mihi
1280 2829 1543 2888 spectandam
1574 2831 1727 2879 sumsi-‚

758 2934 767 2954 Ι
