1794 3412
650 264 914 304 -143-

288 387 357 431 καὶ
391 387 571 443 γόμφων
601 385 709 431 οὗτοι
741 387 802 431 τοὶ
833 386 1000 442 πίσυρες
1031 383 1189 440 τορέες,

167 469 376 526 ἄμφίξονν
407 487 454 514 τε
486 469 735 525 σκέπαρνον·
765 467 796 513 ἃ
818 469 864 520 δὴ
885 466 1140 523 χαριέργῳ
1171 464 1328 521 Ἀθάνᾳ

289 552 387 606 ὡνὴρ
417 551 462 594 ἐκ
488 551 646 605 τέχναις
673 549 816 595 ἄνθετο
842 547 1124 603 παυσάμενος.

49 631 112 676 De
137 632 275 691 primo
311 640 582 691 pentametro
618 631 732 675 haud
761 631 893 675 dubie
923 629 1247 690 corruptissimo
1291 626 1512 671 annotavit

49 712 287 757 Meinekius
318 728 363 772 p.
399 715 501 758 112.
544 712 623 756 sibi
654 711 947 771 reponendum
987 710 1124 755 videri
1152 708 1293 753 κάλων
1317 709 1353 751 οἱ
1384 721 1509 761 ταχι-

51 792 104 834 νοὶ
133 791 272 846 βαρέες
291 826 302 842 ,
337 794 367 838 i.
393 808 431 839 e.
465 793 635 852 rapidos
663 793 875 852 liguorum
906 799 1119 835 voratores
1137 822 1150 843 ,
1183 789 1341 850 quibus
1372 787 1513 832 verbis

50 874 249 917 runcinas
281 874 494 931 describi,
538 889 641 932 quas
671 874 841 917 omissas
877 887 968 921 esse,
1000 873 1044 915 in
1084 870 1197 915 fabri
1234 870 1406 930 lignarii
1444 870 1512 912 in-

50 960 382 997 strumentorum
425 968 600 997 recensu
644 967 913 1012 nequaquam
957 950 1166 996 credibile
1204 965 1311 996 csse.
1374 950 1514 993 Voca-

50 1031 197 1075 bulum
240 1032 384 1086 βορεύς
430 1032 603 1077 aliunde
637 1048 720 1076 non
749 1034 968 1091 cognitum
989 1066 1000 1084 ,
1033 1040 1076 1075 at
1116 1039 1234 1075 recte
1281 1030 1512 1074 formatum

49 1129 153 1158 esse.
212 1113 323 1158 Mihi
352 1113 458 1157 haec
499 1115 566 1158 vix
606 1129 655 1157 ac
694 1129 747 1157 ne
778 1116 845 1158 vix
879 1113 1053 1174 quidem
1092 1111 1333 1173 probabilia
1361 1111 1513 1155 viden·

49 1203 136 1240 tur.
198 1194 307 1239 Nam
349 1203 397 1239 ut
437 1196 605 1240 mittam
638 1195 841 1239 dictionis
883 1194 1186 1245 insolentiam,
1220 1192 1274 1237 de
1316 1207 1399 1252 qua
1437 1207 1514 1235 an-

50 1290 148 1335 ceps
174 1273 348 1321 haerere
377 1277 511 1335 possit
549 1275 756 1320 iudicium
776 1309 787 1328 ,
820 1275 900 1320 hac
938 1290 1070 1319 unum
1100 1274 1166 1318 vel
1199 1274 1380 1318 maxime
1410 1271 1514 1317 huic

50 1356 322 1400 coniecturae
354 1356 494 1400 obstat
522 1356 638 1416 quod
671 1357 730 1400 ita
768 1356 922 1416 copula
949 1356 1023 1400 καί
1053 1355 1119 1400 vel
1148 1355 1197 1400 τέ
1229 1354 1513 1400 desideratur.

53 1436 177 1481 vides
222 1438 336 1481 enim
381 1438 648 1497 singulorum
689 1439 1071 1482 instrumentorum
1113 1438 1288 1482 nomina
1333 1437 1515 1481 coniun-

50 1516 263 1560 ctionibus
286 1532 473 1562 connexa
505 1533 609 1562 esse.
674 1518 798 1564 Unde
825 1533 904 1577 pro
928 1526 1047 1562 certo
1077 1518 1190 1562 effici
1220 1526 1362 1578 potest
1386 1516 1516 1561 verba

51 1597 188 1641 κάλων
220 1623 280 1630 —
303 1598 426 1655 βορέῃ
466 1599 519 1641 ad
561 1598 748 1651 στάθμαι
795 1599 1018 1643 referenda
1054 1614 1160 1644 esse.
1238 1598 1362 1657 Quod
1408 1596 1516 1642 mihi

53 1679 212 1722 rectius
243 1678 446 1737 singulari
471 1694 650 1723 numero
677 1678 851 1732 στάθμοι
882 1678 1011 1723 scribi
1044 1679 1231 1726 videtur.
1294 1658 1514 1724 Hoc-loco

54 1773 102 1801 ex
135 1757 324 1818 Philippi
354 1774 475 1802 versu
509 1761 562 1804 A.
593 1760 640 1805 P.
672 1760 759 1811 VI,
799 1762 899 1804 103.
942 1763 981 1804 1.

172 1837 371 1892 Στάθμην
399 1839 555 1889 lova-eus
583 1839 882 1894 μολιβαχθέοι,
915 1839 1132 1895 δουριτυπῆ
1163 1858 1211 1884 τε

291 1923 456 1975 σφῦραν
486 1921 555 1964 καὶ
587 1920 719 1974 γυροὶς
750 1921 1009 1977 ἀμφιδέτους
1039 1921 1182 1976 ἀρίδοος

53 2002 246 2047 conieci=
286 2001 356 2044 καὶ
390 2000 528 2045 κάλων
558 2002 738 2051 ἱθυτενὴς
769 2001 935 2057 μολίβῳ
976 1999 1179 2054 στάθμας,
1226 2009 1273 2045 ut
1304 2002 1514 2060 genitivus

53 2080 188 2125 κάλων
216 2081 268 2125 ad
299 2080 472 2136 στάθμα
500 2083 726 2127 referatur.
790 2081 875 2126 Sed
914 2083 1010 2141 quis
1046 2083 1149 2126 talia
1187 2091 1403 2142 praestare
1442 2098 1516 2127 ve-

53 2162 136 2205 lit?
170 2162 435 2221 Pergendum
469 2163 520 2205 ad
552 2179 611 2207 vs,
640 2167 683 2208 7.
717 2162 792 2205 ubi
823 2161 946 2206 valde
975 2162 1172 2223 displicet
1192 2164 1376 2215 ὧκήεντοο
1402 2163 1515 2219 τέρε-

55 2258 147 2297 τροε.
211 2243 296 2288 Sed
325 2243 514 2302 placeret
542 2242 734 2295 ὂξήεντοο.
800 2243 924 2300 Quod
957 2243 1010 2286 ab
1047 2243 1141 2295 ὀξύς
1171 2244 1319 2288 eadem
1351 2247 1517 2290 ratione

56 2324 285 2367 formatum
327 2309 410 2382 qua
451 2324 592 2374 ὦκήεις
625 2323 679 2366 ab
707 2322 812 2372 ὠκύς
850 2333 892 2367 et
923 2325 1086 2375 αἰπήεις
1120 2324 1174 2368 ab
1205 2325 1332 2374 αἰπύς
1359 2326 1516 2370 Leoni-

56 2404 134 2448 dae
173 2405 257 2464 Ep.
305 2406 358 2450 A.
394 2405 442 2450 Ρ.
475 2405 584 2456 VII,
621 2407 724 2449 273.
764 2408 803 2449 1.
877 2405 928 2448 In
971 2405 1184 2450 Leonidae
1227 2407 1517 2466 inscriptionis

58 2501 117 2531 vs.
142 2489 187 2531 9.
234 2485 385 2530 Suidas
423 2485 622 2530 adiectivi
663 2485 883 2540 χαρίεργος
918 2487 1315 2546 interpretationem
1345 2503 1394 2532 ex
1436 2487 1519 2532 hoc

58 2580 142 2609 uno
179 2566 274 2609 loco
310 2566 482 2610 ductam
515 2565 634 2610 dedit
664 2565 800 2609 hanc:
835 2565 1197 2622 ὃκεχοιριτωμένοο
1227 2567 1516 2623 ἐργαζόμενος.

59 2647 182 2692 Unde
213 2647 430 2691 Iacobsius
471 2647 707 2706 suspicatus
746 2655 808 2690 est
842 2662 938 2691 eum
979 2649 1022 2691 in
1065 2648 1212 2693 codice
1254 2664 1330 2692 suo
1370 2650 1519 2708 legisse

26 2742 30 2745 ·
59 2727 291 2784 χαριεργός.
356 2727 568 2788 Equidem
593 2727 759 2772 nullum
786 2729 926 2787 reperi
953 2729 1207 2774 vocabulum
1225 2764 1236 2783 ,
1271 2732 1392 2774 cuius
1416 2746 1519 2775 ana-

63 2807 170 2866 logia
211 2809 335 2855 huius
379 2809 576 2852 vocabuli
630 2810 766 2853 forma
805 2808 976 2854 defendi
1023 2812 1183 2869 possit,
1227 2827 1367 2870 neque
1409 2811 1517 2856 illud

65 2890 239 2947 pessime
282 2890 521 2934 formatum·
559 2889 702 2934 dicere
747 2906 909 2936 vereor.
990 2892 1257 2952 Quapropter
1304 2892 1518 2939 Minervae

969 3018 994 3030 j
