1794 3412
935 262 1198 301 —172-

466 381 541 429 Τίς
569 379 658 423 τόδε
686 378 824 431 σε’λμα
855 380 1029 434 πέλωρον
1057 383 1123 425 ἐπὶ
1154 383 1293 435 χθονὸς
1322 383 1484 434 εἵσατος
1518 391 1625 433 ποῖος

580 458 753 512 κοίρανος
783 459 1016 511 ἀκαμάτοις
1050 461 1273 514 πείσμασιν
1306 458 1490 515 ἧῇκάγετο
1524 496 1716 508 .....

462 536 607 587 μανύει
634 537 839 590 στιβαροῖς
868 541 963 580 κατ’
989 539 1186 591 ἐπωμίδος
1212 541 1514 596 ἀρτιχάρακτον

580 615 763 670 γράμμα
787 618 850 665 τίς
881 618 926 660 ἐκ
957 618 1105 672 χέρσου
1130 619 1243 664 τάνδ’
1276 621 1438 666 ἐκύλισε
1465 620 1603 676 τρόπιν
1629 623 1713 664 κτὲ.

344 691 426 735 Sed
457 694 499 736 in
526 695 779 755 Anthologia
801 697 923 755 plura
962 699 1147 742 invenias
1178 701 1362 743 earmina
1402 703 1442 744 in
1479 702 1630 760 quibus
1661 700 1774 744 nulla

344 774 557 829 responsio
585 773 708 818 datur
735 775 785 818 ad
818 778 1078 836 quaestiones
1110 794 1130 820 a
1156 786 1287 837 poeta
1311 779 1544 838 propositas
1573 788 1646 823 aut
1673 794 1773 838 quus

343 858 549 894 oratorem
590 853 813 898 facientem
853 855 973 898 finxit
1017 864 1157 913 poeta.
1219 856 1312 900 Hoc
1352 858 1656 917 ineptissimum
1689 873 1776 902 osse

342 927 477 986 liquet
518 945 660 989 neque
706 933 823 978 satis,
848 934 991 977 mirari
1036 948 1202 992 possum
1245 936 1452 979 neminem
1498 938 1774 995 interpretum

342 1006 420 1050 hac
447 1023 494 1051 re
521 1009 723 1054 offensum
750 1011 890 1056 fuisse.
927 1044 931 1047 »
956 1012 1205 1071 Exemplum
1233 1029 1383 1073 ponam
1413 1029 1541 1058 unum
1563 1030 1609 1059 ex
1641 1015 1772 1060 Anth.

340 1085 456 1132 Plan.
481 1089 555 1133 97.
1635 1084 1638 1086 ’

458 1167 621 1210 Χαλκὸν
649 1168 933 1223 ἀποιμώζοντα
962 1171 1026 1219 τίς
1052 1170 1242 1221 ἔπλασε;
1275 1172 1337 1220 τίς
1370 1172 1404 1215 δ’
1432 1173 1508 1216 ὑπὸ
1537 1172 1690 1226 ’τέχνας

573 1246 643 1290 καὶ
674 1247 792 1291 πόνον
823 1250 864 1291 ἐν
893 1253 1036 1305 μορφᾷ
1070 1251 1138 1293 καὶ
1165 1250 1306 1305 θράσος
1338 1251 1585 1306 εἰργάσαο-οι,

454 1325 645 1380 ἔμψυχον
672 1328 718 1370 τὸ
749 1327 935 1380 πλάσμα
960 1329 1030 1372 καὶ
1062 1330 1236 1384 οἰκτείρω
1262 1330 1468 1383 μογέοντα

575 1405 643 1448 καὶ
675 1406 832 1460 φρίττω
865 1408 1054 1461 κρατερὸν
1083 1409 1152 1451 τὸν
1183 1409 1329 1462 θρασὺν
1359 1410 1589 1463 Ἡρακλέα·

413 1539 417 1544 .
455 1486 641 1526 Ἀνταῖον
666 1484 751 1538 γὰρ
781 1484 872 1538 ἔχει
903 1486 1178 1538 πεπονημένον
1209 1487 1255 1530 ἐκ
1281 1487 1550 1539 παλαμάων,

494 1581 497 1583 ’
572 1561 741 1611 ἰδνωθεὶς
769 1562 810 1605 δὲ
841 1563 952 1607 δοκεῖ
981 1564 1049 1607 καὶ
1077 1566 1289 1619 στοναχὰν
1319 1566 1434 1610 ἱέναι.

338 1641 430 1686 Hoc
460 1641 589 1700 igitur
632 1641 814 1700 intelligi
858 1644 1037 1702 nequit,
1082 1646 1163 1688 nisi
1195 1654 1349 1689 statuas
1392 1646 1467 1690 hos
1496 1660 1635 1690 versus
1677 1647 1776 1689 sub-

335 1721 512 1780 scriptos
547 1720 674 1764 fuisse
711 1729 871 1766 statuae
907 1723 972 1766 vel
1009 1725 1126 1782 operi
1166 1725 1294 1776 artis,
1327 1733 1370 1768 et
1402 1740 1449 1769 ox
1478 1726 1565 1768 eius
1601 1725 1688 1768 basi
1715 1726 1773 1768 ita

336 1798 567 1858 descriptos
612 1809 659 1843 ut
705 1800 878 1843 artificis
921 1816 1071 1845 nomen
1115 1811 1319 1862 ct‘g'enus
1357 1812 1399 1847 et
1425 1804 1561 1862 patria
1601 1804 1774 1848 inferius

335 1878 477 1922 addita
501 1878 655 1936 quibus
687 1877 738 1921 ad
771 1878 880 1921 hane
911 1882 1196 1937 quaestionem
1230 1881 1559 1940 respondebatur
1578 1915 1590 1935 ‚
1625 1884 1774 1927 omissa

336 1958 437 2002 sint.
472 1955 622 2013 ,Quod
667 1957 709 1999 in
738 1956 934 2015 pluribus
973 1958 1317 2016 inscriptionibus
1349 1960 1507 2004 factum
1539 1976 1626 2005 esse
1657 1961 1775 2004 valde

337 2033 596 2087 dolendum,
633 2050 764 2094 quum
797 2035 847 2078 ad
878 2035 1096 2080 historiam
1127 2038 1282 2082 artium
1305 2039 1634 2096 cognoscendam
1667 2041 1774 2084 mul-

338 2124 427 2158 tum
459 2113 558 2158 inde
593 2114 715 2157 nobis
746 2113 1001 2158 redundaret
1043 2114 1150 2158 lucri
1179 2116 1251 2174 qui
1284 2130 1397 2159 nunc
1433 2125 1596 2161 tantum
1627 2119 1774 2163 inscri-

337 2194 502 2252 ptiones
542 2202 730 2238 tenemus
769 2176 1022 2238 decurtatas.
1087 2193 1244 2238 Eadem
1274 2195 1442 2238 omissio
1484 2197 1593 2240 sacta
1632 2199 1673 2241 in
1715 2199 1774 2242 in-

337 2272 566 2331 scriptione
595 2271 727 2316 Anth.
762 2272 883 2317 Plan.
913 2274 1011 2317 127.

450 2350 531 2398 Τίς
557 2349 625 2394 τὸν
658 2350 818 2404 Θρήϊκα
843 2348 955 2393 τόνδε
986 2351 1256 2405 μονοκρήπιδα
1286 2356 1518 2407 Λυκοῦργον

571 2429 755 2483 χάλκεον
775 2429 962 2477 ,Ἠδωνῶν
992 2431 1124 2483 ταγὸν
1153 2431 1451 2483 άνεπλάσατος

454 2507 691 2561 Βακχιακόν
719 2507 1030 2561 παρα.πρε’μνον
1054 2509 1106 2552 ἴδ’
1130 2511 1180 2559 ὥς
1206 2512 1407 2565 άγερωχα
1436 2514 1639 2564 μεμηνὼς,

569 2587 708 2640 βριθὺν
739 2586 836 2640 ὑπὲρ
868 2591 1061 2642 κεφαλάς
1091 2588 1317 2633 άντέτακεν
1345 2589 1528 2645 χάλνβα
1546 2606 1556 2617 ·

454 2666 600 2718 μανύει
626 2666 770 2722 μορφαὶ
798 2667 844 2710 τὸ
875 2667 1009 2711 πάλαι
1033 2667 1195 2722 θράσος·
1228 2670 1256 2712 02
1279 2670 1314 2713 δ’
1340 2670 1549 2724 άγέρωχος

572 2746 711 2790 λύσσα
738 2747 806 2790 καὶ
835 2748 875 2790 ἕν
901 2748 1050 2801 χαλκῷ
1078 2752 1180 2792 κεῖνο
1206 2748 1252 2792 τὸ
1283 2749 1419 2802 πικρὸν
1449 2748 1551 2802 ἔχει.

338 2824 470 2871 Anth.
503 2826 622 2873 Plan.
657 2828 758 2873 265.
797 2829 836 2871 l.
