1794 3412
652 284 920 324 -115—

56 412 208 471 viginti
247 409 511 458 stadiorum,
555 422 677 452 sensu
711 423 862 468 parum
906 406 1157 466 expedito.''
1226 405 1360 463 Quem
1394 417 1519 463 expe-

58 494 316 538 ditissimum
349 489 458 534 mihi
491 490 724 533 restituisse
749 489 897 534 videor
929 486 1224 533 emendando:

297 573 357 621 δὶς
389 571 491 616 δέκα
521 555 597 625 πρὸ
628 571 803 615 σταδίων
835 571 1064 623 ἐναγώνιον.

59 655 223 714 Viginti
268 654 384 697 enim
425 652 660 696 stadiorum
699 652 781 695 hoc
823 652 1035 703 stadium,
1081 651 1134 694 ad
1170 650 1289 693 cuius
1333 661 1523 691 carceres

58 736 259 780 Mercurii
288 736 428 793 imago
460 733 668 778 collocata
696 741 788 777 erat
808 764 819 783 ‚
854 733 984 775 fuisse
1031 731 1219 776 videtur.
1282 729 1348 774 Ad
1381 736 1522 772 totum

58 818 320 876 epigramma
365 814 665 858 illustrandum
710 814 814 857 facit
860 814 1084 871 inscriptio
1126 812 1348 871 Philippi,
1394 824 1523 869 quam

62 899 104 941 in
134 897 311 940 ·1ibrum
365 903 527 940 sextum
578 895 898 946 άναθηματικῶν
945 891 1094 936 retulit
1142 891 1384 950 Cephalus,
1428 890 1524 941 VI,

60 993 99 1022 c.
132 979 234 1021 259.

179 1057 257 1105 Τίς
284 1057 354 1100 τὸν
379 1054 536 1110 άχνουν
561 1058 716 1108 Ἑρμῆν
746 1070 793 1097 σε
820 1056 918 1108 παρ’
946 1054 1268 1106 ὑσπλήγγεσσιν
1299 1050 1463 1101 ἔθηκενς

301 1138 348 1190 β.
381 1136 630 1192 Ἑρμογένης
661 1152 705 1179 α.
739 1135 846 1183 τίνος
877 1135 928 1178 ὤν
959 1135 1045 1177 κτέ.

62 1219 299 1264 Mnasalcae
324 1226 457 1263 exstat
479 1217 702 1277 inscriptio
736 1216 790 1261 A.
820 1216 870 1260 P.
902 1214 992 1267 IX,
1028 1217 1133 1260 333.

124 1305 295 1354 Στῶμεν
326 1298 646 1354 άλιρράντοιο
671 1297 787 1351 παρα
813 1297 1097 1351 χθαμαλὰν
1129 1294 1289 1350 χθόνα
1320 1293 1524 1342 πόντου,

243 1381 470 1436 δερκόμενοι
499 1380 668 1432 τέμενος
700 1378 899 1433 Κύπριδος
924 1377 1112 1426 εἰναλίας

124 1462 276 1517 κράναν
306 1465 346 1506 τ’
377 1462 589 1516 αἰγείροισι
621 1459 872 1509 κατάσκιον,
905 1457 956 1508 ἇς
987 1457 1073 1503 ἄπο
1098 1461 1217 1511 νέὶμα

246 1542 382 1593 ξουθαὶ
412 1541 675 1596 ἄφύσσονται
701 1541 891 1594 χείλεσιν
924 1539 1138 1588 οἱλκυόνες.

68 1622 200 1687 Ceius
230 1623 391 1681 primus
420 1636 563 1665 versus
592 1620 786 1679 pluribus
813 1620 1067 1679 corruptelis
1095 1619 1259 1662 obsitus
1281 1626 1362 1663 cst.
1427 1618 1534 1662 Nam

67 1719 184 1747 mare
211 1702 295 1746 dici
327 1702 478 1761 nequit
507 1702 780 1756 οἳλίρραντον,
814 1700 903 1744 dici
939 1714 1038 1744 vero
1078 1708 1194 1743 recte
1235 1706 1378 1758 potest
1416 1697 1534 1752 άλιρ-

64 1783 200 1839 ρόθιον.
268 1784 323 1827 Et
353 1782 592 1837 χθαμαλὰν
631 1780 763 1835 χθόνα
795 1779 944 1824 πόντου
979 1781 1204 1839 ineptum,
1240 1794 1373 1838 quum
1415 1778 1535 1822 nulle

65 1877 164 1925 apta
195 1865 256 1908 vis
289 1865 428 1908 verbis
459 1865 568 1918 χθὼν
595 1862 746 1907 πόντου
778 1862 910 1905 tribui
949 1861 1097 1919 possit.
1161 1859 1246 1904 Sed
1276 1859 1392 1904 hisce
1422 1860 1538 1904 vitiis

67 1945 267 1990 medendi
310 1961 393 1989 non
435 1960 518 1988 una
551 1952 714 1988 tantum
753 1945 798 1987 in
838 1951 1014 2002 promtu
1056 1950 1119 1985 est
1156 1943 1284 1987 ratio.
1348 1940 1538 1985 servatis

69 2028 180 2072 enim
205 2027 445 2082 άλίρραντον
489 2034 532 2071 et
557 2024 710 2071 πόντου
738 2025 869 2069 scribi
900 2032 1070 2083 potest:
1104 2027 1268 2076 στῶμεν
1295 2023 1537 2079 ἁλίρραντον

69 2107 218 2152 πόντου
246 2107 483 2162 χθαμαλαν
513 2107 632 2162 παρα
663 2107 766 2150 θῖνα.
830 2104 913 2150 Sed
954 2104 1189 2163 elegantius
1215 2103 1534 2150 emendaveris:

70 2188 291 2243 άλιρροθίου
321 2188 484 2232 πόντου.
548 2187 612 2230 Ita
643 2186 795 2230 idonea
820 2185 1028 2228 sententia
1045 2193 1200 2243 poetae
1222 2185 1420 2229 restituta
1445 2194 1538 2237 est,

73 2268 145 2313 scd
173 2268 309 2312 fateor
338 2268 445 2311 mihi
470 2283 572 2327 prae
595 2267 663 2310 his
688 2267 844 2326 quibus
882 2266 1046 2309 leniore
1088 2281 1216 2309 manu
1241 2266 1430 2325 ineptias
1457 2267 1538 2310 tol-

69 2350 161 2402 las,
197 2349 385 2393 arridere
422 2347 763 2392 emendationem
791 2362 901 2406 quae
932 2346 1136 2390 audacior
1167 2347 1252 2390 dici
1285 2347 1448 2406 possit:

198 2434 371 2483 Στῶμεν
403 2429 622 2483 άλιρροθίου
649 2428 888 2482 χθαμαλαν
914 2427 1031 2483 παρὰ
1059 2429 1149 2472 θῖνα
1173 2427 1403 2478 θαλάσσης.

75 2512 167 2556 Hoc
194 2510 432 2555 Mnasalcae
458 2525 628 2554 carmen
654 2511 814 2569 excipit
838 2511 989 2554 Persae
1019 2510 1242 2569 inscriptio
1273 2525 1313 2556 c.
1344 2512 1449 2555 334.

194 2593 316 2644 Κάμὲ
348 2592 417 2635 τὸν
449 2592 490 2634 ἐν
520 2596 704 2645 σμικροῖς
736 2591 877 2642 ὀλίγον
904 2590 988 2634 θεὸν
1016 2592 1063 2642 ἢν
1090 2590 1297 2645 ἐπιβάσῃς

318 2672 541 2725 εὐκαίρως,
575 2670 725 2726 τεύξῃ·
758 2672 817 2723 μὴ
849 2671 1052 2724 μεγάλων
1082 2671 1125 2715 δὲ
1156 2672 1329 2725 γλίχου.

197 2755 249 2802 ὡς
281 2751 306 2796 δ’
332 2769 372 2796 τι
405 2751 691 2807 δημογέρων
723 2751 897 2795 δύναται
930 2753 1014 2801 θεὸς
1041 2752 1151 2807 άνδρὶ
1185 2751 1363 2807 πενέστῃ

315 2834 550 2887 δωρεῖσθαι,
584 2833 738 2878 τούτων
769 2832 901 2886 κύριός
934 2835 1018 2885 εἰμι
1047 2834 1218 2887 Τύχων.

83 2912 154 2957 Vs.
183 2916 224 2958 3.
274 2915 313 2957 in
362 2922 520 2958 textum
575 2916 714 2973 recepi
760 2913 783 2955 ὅ
811 2930 850 2956 τι
899 2914 1011 2972 quod
1043 2914 1282 2959 Meinekius
1330 2912 1422 2959 nel.
1462 2915 1542 2974 Ep.

1175 2994 1234 3035 8*
