1794 3412
0 133 4 184 ἓ

0 250 3 268 ⁵

0 277 2 329 ἰ

653 256 919 296 -201-

62 385 198 429 Etiam
232 396 342 425 nunc
377 391 498 426 teneo
526 383 637 442 quod
663 385 783 442 prius
812 381 977 425 conieci
1003 395 1080 439 pro
1115 377 1274 422 codicis
1307 378 1520 422 lectione:

60 462 283 512 Ἀσωπίδος
328 463 420 507 νέαν
468 464 642 519 κούραν,
692 478 801 524 quae
856 462 1045 508 Graefius
1093 468 1256 504 mutata
1298 460 1435 503 voluit
1480 461 1523 502 in

60 545 283 594 Ἀσωπίδος
327 543 424 589 αἶαν
466 546 652 601 ἀρούρας.
720 545 842 603 Quod
885 544 1049 588 restitui
1086 541 1340 587 vocabulum
1378 555 1523 584 recen-

61 628 218 670 tiorum
257 642 332 669 usu
371 627 519 670 tritum
556 626 610 670 de
642 626 813 671 sedibus
853 635 896 669 et
931 625 1083 677 domo,
1121 631 1170 667 ut
1203 622 1313 667 ἔνδια
1354 620 1522 676 λόχμης

58 706 202 752 Noun.
254 706 383 751 Dion.
420 707 485 759 V,
532 709 633 752 541.
678 708 754 766 qui
795 707 925 757 XIV,
973 709 1077 751 249.
1118 703 1235 749 εὔδιοι
1283 703 1524 756 καλλείψας

58 786 322 843 χοροτερπέος
362 786 473 831 ἔνδια
513 787 656 838 Ῥείης.
693 787 821 839 XVI,
860 789 959 833 198.
1006 785 1272 841 πλαζομένης
1313 782 1526 839 λοΦόεντα

57 868 284 923 μετέρχεαι
313 867 423 912 ἔνδια
450 868 606 923 κούρης.
653 868 842 928 Oppian.
875 868 1086 920 Hal.1V,
1120 869 1225 912 371.
1255 866 1388 916 αὐτῆς
1414 863 1526 909 ἔνδιοι

56 948 223 1003 πέτρης.
267 950 316 994 Ρ.
347 949 501 993 Silent.
546 947 712 1007 Eophr.
739 951 844 993 354.
884 947 1035 1002 τρισσὰ
1062 947 1140 999 μὲν
1167 948 1392 990 ἀντολικῶν
1422 945 1524 988 οἰνα-

59 1029 276 1074 πέπταται
321 1028 431 1073 ἔνδιοι
475 1028 649 1073 κύκλων.
725 1029 862 1072 Versu
896 1043 996 1072 vero
1039 1027 1168 1071 tertio
1209 1025 1261 1069 ed
1305 1025 1525 1069 literarum

58 1111 265 1155 maiorum
295 1109 447 1154 ductus
471 1115 739 1154 ΑΦΟΤΘΛΡ
774 1109 965 1170 proxime
996 1107 1200 1152 accedere
1228 1105 1429 1151 videtur:

902 1190 1002 1243 ἦμος
1029 1191 1049 1233 ὁ
1079 1191 1223 1243 σῦφαρ

298 1270 433 1326 ὕδρος,
467 1273 487 1316 ὃ
518 1266 760 1324 γαγενέτας
793 1269 944 1315 ὤλεσεν
974 1269 1237 1324 Ἀρχέμορον.

62 1352 184 1410 Quod
231 1354 425 1413 apprime
480 1350 850 1398 accommodatum
900 1352 1069 1396 videtur
1125 1350 1312 1411 serpenti
1367 1350 1525 1394 Terrae

57 1431 166 1478 filio.
228 1432 552 1478 Substantivum
591 1437 735 1490 σῦφαρ
762 1443 826 1477 est
864 1431 1211 1488 ὑπεργεγηρακώς
1241 1431 1355 1492 apud
1386 1431 1523 1489 Lyco-

57 1512 267 1572 phronem
307 1529 369 1560 vs,
402 1517 510 1561 793.
550 1517 694 1570 σῦφαρ
737 1515 935 1557 θανεῖται.
1001 1512 1062 1558 Ut
1101 1512 1331 1572 Sophron:
1379 1513 1524 1567 σῦφαρ

55 1590 147 1635 ἀντ’
175 1591 331 1648 ἀνδρός.
393 1592 514 1638 Idem
547 1593 803 1638 vocabulum
846 1594 937 1637 fere
982 1593 1158 1637 inservit
1198 1592 1317 1636 dirae
1354 1591 1524 1636 belluae

57 1670 345 1720 devovendae.
409 1674 458 1718 Iu
485 1673 647 1719 librum
680 1683 879 1734 quartum
913 1672 1093 1718 collecte
1129 1681 1228 1717 sunt
1262 1672 1523 1717 diversarum

59 1753 421 1814 Anthologiarum
453 1755 706 1808 Prooemia‚
750 1755 804 1800 de
838 1755 997 1816 quibus
1027 1756 1112 1800 iam
1149 1755 1194 1799 in
1231 1753 1523 1815 superioribus

57 1833 164 1880 dixi.
210 1835 355 1881 Unum
386 1835 458 1880 hic
480 1836 706 1881 illustrabo
733 1836 875 1881 locum
900 1835 1108 1896 Agathiae
1133 1835 1222 1888 lv,
1247 1839 1291 1881 3.
1327 1837 1521 1880 87—93.

175 1917 409 1970 Ἐσχατιην
434 1916 478 1961 δὲ
503 1915 728 1970 Λίβυσσαν
754 1916 1004 1969 ἐπιστείβων
1031 1914 1304 1969 Νασαμώνων

173 1996 292 2052 ἔρχεο
316 1996 387 2041 καὶ
418 1997 535 2052 παρὰ
563 1998 712 2052 Σύρτιν
738 1995 819 2048 δ’πη
847 1998 999 2055 νοτίησι
1026 1997 1221 2046 θυέλλαις

175 2077 216 2127 ἐς
245 2077 381 2122 κλίσιν
410 2077 656 2133 ἀντίπρῳρον
688 2079 1004 2122 ἀνακλασθεῖσα
1033 2084 1176 2133 Βορῆος

179 2158 248 2201 καὶ
275 2160 481 2213 ψαφαρην
508 2156 705 2211 ἄμπωτιν
738 2158 857 2212 ὑπὲρ
888 2161 1100 2213 ῥηγμῖνι
1131 2156 1334 2212 ἁλίπλῳ

177 2236 347 2292 ἀνδράσι
374 2238 443 2282 δῖα
466 2237 665 2282 θάλασσα
688 2237 807 2292 πόρον
837 2242 1032 2292 χερσαῖον
1060 2238 1232 2290 ἀνοίγει.

56 2317 107 2363 In
147 2318 304 2377 quibus
340 2335 400 2364 vs.
431 2321 505 2365 91.
552 2318 768 2363 lacobsius
807 2321 975 2374 ῥηγμῖνι
1011 2318 1181 2373 ἄλίπλῳ
1217 2319 1522 2378 interpretetus

57 2407 119 2443 est
158 2400 294 2442 littus
338 2400 589 2453 vadosum,
636 2399 791 2443 collata
839 2399 1043 2459 Hesychii
1082 2399 1248 2458 glossa:
1297 2399 1518 2449 ἁλίπλοα,

58 2478 322 2535 ὑποβρύχια,
352 2477 410 2529 οἷς
438 2482 461 2531 ἦ
496 2478 695 2524 θάλασσα
727 2478 996 2535 ἐπιπολάζει,
1039 2495 1149 2540 quae
1191 2480 1320 2540 plane
1352 2489 1521 2525 contra-

58 2561 170 2605 rium
215 2561 460 2619 signifieat,
495 2570 544 2605 ut
575 2569 694 2620 patet
734 2576 781 2605 ex
824 2561 1000 2606 Homeri
1042 2561 1139 2606 loco
1182 2576 1268 2621 quo
1302 2563 1521 2621 pertinet,

56 2641 112 2687 11.
140 2641 254 2694 XII,
289 2643 363 2686 26.
404 2640 514 2695 ὄφρα
555 2658 601 2684 κε
643 2642 793 2685 θοῖσσον
833 2642 1022 2687 ἁλίπλοα
1066 2642 1218 2697 τείχεα
1256 2643 1369 2692 θείη,
1417 2643 1447 2686 i.
1480 2657 1520 2688 e.

59 2723 165 2766 mari
190 2737 325 2766 mersa
347 2756 357 2774 ,
391 2731 439 2765 ut
469 2722 658 2766 ἁλίπλοα
696 2727 819 2778 φῦλα
848 2723 901 2767 de
929 2724 1118 2783 piscibus
1148 2725 1254 2768 mari
1290 2723 1520 2767 innatanti-

63 2802 138 2845 bus
189 2802 324 2850 Anth.
369 2803 490 2849 Plan.
530 2803 621 2855 lv,
668 2786 860 2850 311s1.
909 2804 962 2848 de
1006 2819 1110 2848 nave
1163 2804 1314 2850 Arion.
1358 2803 1518 2862 Hymn.

62 2898 121 2928 vs.
151 2885 221 2928 20.
258 2884 310 2928 de
355 2885 494 2929 nautis
534 2884 643 2930 Call.
683 2885 779 2930 Del.
815 2887 884 2929 15.
923 2888 994 2931 52.
1041 2890 1120 2945 Ap.
1158 2886 1228 2930 Rl.
1256 2885 1350 2938 111,
1388 2887 1518 2930 1329.
