1794 3412
617 264 886 306 —101—

29 391 113 438 Ubi
143 392 200 434 τὰ
243 391 358 433 xxa&
395 389 637 444 γράμματα.
671 390 803 449 ipsius
848 387 974 431 huius
1014 386 1302 447 inscriptionis
1345 400 1486 429 versus

28 471 111 515 dici
140 471 364 524 videntur,
400 471 556 531 quibus
583 486 667 514 non
687 474 771 516 iam
800 470 937 529 patria
966 476 1008 512 et
1038 483 1168 527 genus
1194 466 1393 511 Baucidis
1416 466 1486 510 sed

27 553 262 596 miseranda
289 569 375 596 sors
407 561 645 598 enarratur.
691 552 794 596 Ideo
826 551 1109 595 rectissimum
1130 557 1222 597 est:
1257 546 1362 602 κᾶμ’
1389 549 1487 603 ἐφο-

26 638 140 688 ρῶντι
176 652 202 677 »
221 636 253 677 si
285 636 410 678 etiam
440 635 616 694 cippum
646 633 699 676 ab
731 633 866 676 altero
890 632 1021 677 latere
1053 630 1305 691 inspicias.''
1373 629 1491 687 Quae

28 716 158 758 verba
198 717 391 774 proxime
427 714 478 758 ad
509 713 666 757 codicis
703 714 931 757 lectionem
970 712 1028 756 τὰ
1064 713 1156 764 μεθ’
1186 711 1322 766 ὁρῶντι
1367 725 1490 754 acce-

28 795 169 848 dunt3
206 812 302 839 nam
332 803 368 839 Θ
395 804 456 839 est
484 801 517 838 Φ
537 828 547 846 ,
583 809 721 854 neque
750 795 876 837 facile
904 800 943 836 T
972 803 1014 837 et
1037 800 1072 836 K
1099 793 1334 851 dignoscas,
1382 792 1489 835 Vul-

27 893 80 935 go
102 892 150 920 ex
182 877 365 935 eleganti
394 884 435 919 et
468 876 683 933 ingeniosa
712 874 908 919 Salmasii
935 875 1183 918 coniectura
1224 873 1394 917 editur:
1429 872 1487 916 τὰ

26 956 69 1001 δέ
95 972 155 1000 τοι
183 955 299 999 καλοὶ
329 954 486 1007 σώμαθ’
518 955 651 1008 ὁρῶντι
684 953 906 1007 &gaon-dvm
938 962 982 997 Β.
1009 955 1052 997 ἆ.
1087 954 1258 1007 τύχαν,
1295 969 1378 1012 qua
1411 968 1490 1011 pro

26 1045 148 1097 parte
191 1045 371 1079 assumta
401 1035 670 1094 *Welckerus
716 1035 879 1094 Syllog.
931 1051 975 1094 p.
1004 1034 1194 1079 XXVIII
1242 1049 1337 1093 sqq.
1386 1048 1488 1077 con-

27 1117 151 1161 iecit:
194 1116 251 1159 τὰ
288 1116 330 1159 δέ
361 1132 420 1159 τοι
464 1115 581 1159 xxa&
619 1115 839 1170 γράμμαθ’
883 1117 1017 1171 ὁρῶντι
1061 1114 1284 1168 ὦμον-ἄταν
1323 1115 1411 1158 ms.
1447 1123 1490 1159 et

27 1196 268 1252 γράμματα
312 1197 365 1241 de
405 1196 636 1256 anaglyphi
686 1197 870 1255 imagine
911 1196 1179 1240 intellectum
1224 1195 1375 1241 voluit.
1440 1195 1490 1239 In

28 1279 172 1338 priore
212 1279 517 1337 epigrammate
558 1276 702 1320 σπίλοι
735 1276 849 1320 edidi
894 1293 942 1320 ex
974 1276 1272 1321 emendatione
1311 1275 1491 1320 Schnei-

28 1359 218 1409 dewini3
267 1359 396 1403 codex
449 1361 623 1402 στᾶλοιι.
704 1358 872 1402 Ibidem
928 1373 990 1404 vs.
1032 1362 1056 1402 7
1104 1358 1399 1418 recipiendum
1448 1360 1490 1402 in

29 1440 255 1483 verborum
317 1439 507 1483 ordinem
531 1474 541 1491 ,
592 1440 706 1498 quod
751 1440 862 1483 idem
910 1440 973 1482 vir
1021 1439 1332 1483 eruditissimus
1390 1455 1493 1483 con-

30 1521 131 1563 iecit
158 1521 313 1569 Τηλίοι.
380 1520 515 1563 Tenos
554 1521 668 1562 enim
703 1520 836 1562 insula
882 1519 1035 1563 Ionum
1059 1553 1070 1572 ‚
1105 1520 1229 1563 Telos
1257 1536 1278 1563 a
1309 1521 1494 1564 Dorien-

29 1601 144 1643 sibus
185 1599 403 1651 habitata,
448 1615 630 1658 quorum
677 1599 862 1643 dialecto
906 1614 979 1642 usa
1013 1608 1076 1643 est
1120 1600 1297 1645 Erinna.
1364 1601 1436 1645 Vs.
1468 1604 1492 1644 4

31 1681 180 1740 scripsi
208 1678 332 1735 ἕτεροι
364 1679 528 1729 πόλιος,
576 1679 691 1739 quod
731 1681 773 1723 in
807 1679 955 1724 codice
984 1679 1141 1738 legitur
1170 1681 1305 1735 ἑτερωι
1334 1680 1489 1731 πόλιος.

29 1761 123 1806 Hoc
153 1762 341 1805 ornatius
371 1761 534 1804 dictum
565 1776 642 1820 pro
671 1759 789 1811 ξένοι.
856 1762 940 1804 Has
972 1776 1072 1803 vero
1099 1761 1401 1821 inscriptiones
1427 1764 1493 1806 in-

29 1842 145 1885 sulae
179 1841 272 1885 Teli
311 1840 425 1884 haud
462 1840 590 1884 dubie
622 1841 833 1884 Leonidas
865 1857 947 1883 non
981 1842 1170 1900 cognitas
1203 1841 1387 1889 habuit.
1419 1844 1493 1888 sed

27 1924 190 1983 primus
221 1923 263 1966 in
291 1922 516 1966 itineribus
547 1922 771 1982 descripsit
805 1922 1032 1981 Meleager.
1079 1922 1204 1968 Unde
1235 1923 1492 1984 intelligitur

28 2005 284 2064 epigramma
309 2004 352 2046 in
379 2002 581 2046 Erinnam
618 2003 670 2047 Α.
700 2003 748 2048 Ρ.
769 2003 849 2046 VII
868 2037 880 2056 ,
914 2006 982 2052 13.
1028 2003 1229 2063 Meleagri
1260 2020 1376 2057 esse,
1406 2021 1491 2049 non

28 2085 258 2130 Leonidae.
325 2084 420 2127 Duo
450 2099 544 2126 vera
578 2084 764 2143 elegiace
795 2085 1101 2143 epigrammata
1125 2086 1315 2130 eiusdem
1342 2087 1492 2147 lapidis

29 2166 274 2225 sepulcralis
319 2165 361 2208 in
408 2164 769 2222 Eurymedontem
815 2165 1016 2223 leguntur
1062 2167 1114 2211 A.
1155 2167 1206 2214 P.
1235 2168 1348 2220 VII,
1384 2170 1487 2212 658.

32 2248 136 2291 659.
169 2261 191 2287 a
223 2245 453 2289 Theocrito
483 2246 639 2303 scripta
659 2279 669 2296 ,
706 2246 917 2290 Leonidae
953 2247 1171 2290 Tarentini
1205 2249 1306 2292 item
1335 2248 1421 2291 duo
1447 2251 1490 2292 in

31 2325 286 2370 Pratalidam
334 2325 576 2368 Cretensem
620 2326 673 2370 A.
706 2326 752 2369 P.
784 2326 898 2376 vlt,
935 2328 1036 2370 448.
1074 2329 1174 2371 449.
1223 2329 1266 2371 in
1314 2329 1491 2373 Cassan-

31 2406 153 2450 drum
207 2408 247 2449 in
300 2405 558 2464 Anthologia
605 2406 798 2465 Gregorii
843 2406 1032 2464 Magistri
1069 2407 1179 2458 Vll,
1215 2410 1318 2453 327.
1354 2413 1455 2455 328.
1480 2445 1489 2461 ,

30 2487 318 2531 Parmenionis
354 2486 539 2545 denique
573 2488 614 2528 in
652 2485 909 2544 Anthologia
942 2486 1133 2546 Philippi
1161 2488 1242 2531 VII
1264 2522 1274 2539 ,
1315 2492 1414 2536 183.

150 2569 395 2621 Παρθενικῆς
423 2566 559 2622 τάφος
588 2565 671 2619 εἴμ’
700 2566 893 2617 Ἑλένης,
927 2568 1060 2611 πένθει
1089 2569 1123 2612 δ’
1151 2570 1218 2612 ἐπ’
1239 2571 1411 2627 ἀδελφῷ

266 2646 394 2698 Αἵδης
421 2649 494 2698 τὴν
526 2646 738 2701 Κροκάλης
766 2647 923 2702 ἔφθασε
955 2650 1168 2703 παρθενίην
1186 2684 1197 2699 ,

149 2729 205 2778 εἷς
232 2729 273 2772 δὲ
299 2728 419 2781 γόους
447 2728 662 2781 Ὑμέναιος
691 2727 906 2772 ἐπαύσατο
923 2763 935 2779 ,
969 2730 1048 2779 τὰς
1080 2730 1122 2773 δὲ
1148 2732 1395 2783 γαμούντων

267 2810 439 2859 ἐλπίδας
468 2811 511 2854 οὐ
540 2809 726 2863 θάλαμος
757 2811 937 2862 κοίμισεν
964 2811 1082 2854 ἀλλὰ
1109 2811 1258 2866 τάφος-
1280 2845 1291 2860 ‚

32 2898 72 2932 et
104 2905 140 2934 c.
179 2893 273 2938 184.
