1794 3412
950 273 1184 312 ...14—

353 386 437 434 Ubi
485 405 543 435 vs.
570 393 596 432 2
640 390 787 448 scripsi
818 391 1014 442 ὥγκωσοιν
1049 408 1126 451 pro
1160 393 1326 452 vulgato
1365 393 1558 449 ὤρθωσαν.
1626 394 1782 443 Conie-

355 477 514 512 cturnm
552 482 676 526 quarn
717 467 770 511 de
812 478 964 526 quarto
1005 485 1127 516 versu
1159 472 1266 516 feci:
1313 471 1450 527 ἔφθιτο
1481 475 1516 518 δ’
1545 474 1638 530 ὦνερ
1675 477 1783 521 “ssv-

348 549 495 601 θρωπος
520 545 693 599 χάλιδος
721 545 947 600 ζωροποτῶν
970 547 1148 597 κύλικα,
1181 549 1250 592 hic
1275 550 1526 597 verbotenus
1547 569 1784 599 memoran-

352 625 447 667 dam
476 623 577 667 alibi
606 625 733 668 latius
763 625 957 670 firmabo.
1023 626 1141 672 Nihil
1174 643 1269 672 vero
1301 628 1456 674 habere
1497 632 1661 676 videtur
1698 648 1784 693 quo

352 719 394 747 se
420 704 688 748 commendet
719 704 921 748 Lobeckii
958 707 1223 754 coniectura:
1255 710 1471 762 εὐχοινδεῒς
1498 735 1558 746 -
1578 711 1751 762 κύλικας
1768 744 1781 764 ,

351 784 533 843 Paralip.
557 784 594 828 Ι.
625 799 671 843 p.
690 786 773 827 149
795 799 862 843 sq.
893 785 985 828 Hoc
1009 786 1179 845 quidem
1195 802 1361 832 carmen
1380 790 1448 834 vel
1465 790 1564 849 ipsis
1592 791 1784 835 defuncti

351 862 448 906 filiis
478 863 723 907 iubentibus
751 864 904 907 tumuli
932 866 1058 924 cippo
1091 867 1267 912 incisum
1296 868 1377 911 fuit
1405 878 1448 912 et
1473 860 1577 913 ‘inde
1606 886 1631 913 a
1660 870 1784 915 Pole-

350 957 475 986 mone
497 943 711 1002 Pericgeta
734 943 1010 1003 descriptum.
1074 945 1213 1004 Pergit
1234 946 1499 994 Athenaeus:
1531 949 1782 1004 Ἐρασίξενον

346 1020 390 1065 δέ
413 1038 508 1067 τινα
532 1023 762 1067 πεπωκέναι
787 1023 984 1067 πλεῖστόν
1012 1027 1117 1079 φησι
1143 1025 1190 1068 τὸ
1221 1027 1288 1069 ἐπ’
1318 1027 1430 1082 αὐτῷ
1461 1028 1712 1083 ἐπίγραμμα
1727 1042 1737 1055 ·

464 1102 547 1147 Τὸν
568 1103 701 1156 βαθὺν
730 1103 934 1153 οἰνοπότην
966 1103 1217 1159 Ἐρασίξενον
1248 1107 1272 1156 ἧ
1295 1105 1354 1155 δὶς
1381 1106 1534 1162 ἐφεξῆς

582 1181 757 1236 ἀκρήτου
787 1183 1016 1237 mon-0031&
1040 1181 1162 1238 ᾤχεθ’
1188 1184 1339 1228 ἔλοῢσοο
1365 1183 1488 1236 κύλιξ
1503 1217 1515 1234 ,

349 1257 463 1317 quod
490 1266 552 1303 est
592 1259 838 1305 Callimachi
868 1260 1074 1304 distichon
1109 1262 1162 1307 A.
1189 1263 1238 1310 P.
1269 1263 1376 1315 Vn,
1412 1266 1514 1308 454.
1579 1263 1781 1308 Addenda

347 1339 532 1381 carmina
562 1339 616 1384 A.
635 1338 683 1384 P.
714 1339 824 1392 VII,
859 1341 962 1386 625.
993 1342 1096 1386 660.
1129 1349 1172 1385 et
1201 1341 1291 1394 lx,
1319 1345 1392 1386 82.
1426 1342 1540 1401 quod
1573 1344 1683 1387 inter
1710 1346 1780 1387 in-

346 1417 594 1475 scriptiones
616 1417 870 1477 sepulcrales
894 1419 1206 1464 traiiciendum.
1265 1421 1314 1464 In
1337 1420 1486 1464 eodem
1512 1421 1621 1465 libro
1651 1422 1781 1480 septi·

347 1510 418 1538 mo
443 1505 673 1539 occurrunt
699 1496 862 1556 aliquot
902 1498 1200 1555 epigrammata
1232 1498 1481 1557 sepulcralia
1512 1501 1554 1542 in
1586 1500 1780 1543 mulieres

346 1575 510 1618 vinosus
536 1576 693 1633 scripta
713 1607 725 1626 ,
756 1590 796 1619 e.
825 1591 867 1633 g.
901 1591 939 1619 c.
968 1579 1070 1620 329.-

459 1652 665 1707 Μυρτοὶδω
693 1654 768 1704 την
795 1655 921 1708 ἱεραῖς
944 1670 999 1707 με
1030 1655 1233 1699 Διωνύσου
1263 1656 1378 1709 παρὰ
1408 1663 1540 1707 ληνοῖς

580 1731 752 1788 ἄφθονον
781 1734 956 1787 ἀκρήτου
986 1735 1284 1787 σποισσοιμένην
1314 1735 1465 1779 κύλικα

461 1813 506 1855 οὐ
537 1811 666 1855 κεύθει
695 1811 893 1867 φθιμένην
918 1813 1022 1864 βοιιη
1054 1813 1184 1862 κόνις,
1217 1814 1336 1857 ἀλλὰ
1360 1815 1472 1864 πίθος
1502 1830 1570 1867 μοι
1587 1846 1601 1864 ,

578 1890 788 1942 σύμβολον
818 1891 1064 1946 εὐφροσύνης
1083 1925 1094 1941 ,
1128 1893 1295 1946 τερπνὸς
1322 1892 1464 1937 ἔπεστι
1494 1893 1644 1949 τάφος.

346 1967 468 2025 Quod
509 1968 694 2012 medium
721 1968 877 2028 legitur
917 1972 1028 2013 inter
1066 1972 1365 2030 epigrammata
1398 1987 1420 2014 a
1453 1973 1658 2032 Gregorio
1686 1973 1776 2018 Ma-

344 2048 475 2106 gistro
499 2048 544 2090 in
575 2048 671 2091 Asia
697 2048 860 2092 Minore
899 2063 947 2091 ex
975 2050 1112 2108 cippis
1142 2048 1353 2108 descripta
1378 2058 1421 2093 et
1450 2065 1472 2093 a
1504 2051 1778 2095 Constantino

345 2126 532 2186 Cephala
555 2127 836 2187 Anthologiae
864 2129 1034 2173 inserta.
1096 2127 1162 2171 Ita
1190 2128 1332 2172 Alcaei
1367 2128 1561 2188 sepulcro
1599 2130 1776 2173 incisum

343 2207 468 2250 fuisse
491 2216 637 2265 putem
660 2206 869 2249 distichon
889 2240 899 2258 ,
929 2206 1043 2264 quod
1074 2207 1185 2250 inter
1214 2206 1496 2250 Ἐπιδεικτικοὶ
1521 2208 1664 2252 retulit
1696 2209 1776 2253 Ge-

342 2284 489 2344 phalas
507 2318 518 2336 ,
555 2286 610 2329 Α.
638 2283 686 2330 Ρ.
715 2284 777 2330 ΙΧ
795 2318 806 2337 ,
841 2288 941 2330 520.

458 2364 655 2408 Ἀλκαίου
680 2363 816 2419 τάφος
841 2361 956 2412 οὗτος
973 2396 985 2412 ,
1018 2362 1059 2406 ὃν
1089 2363 1256 2408 ἔκτανεν
1288 2367 1311 2415 ἧ
1339 2365 1643 2420 πλατύφυλλος

575 2445 744 2498 τιμωρὸς
774 2443 976 2498 προγόνων
1001 2450 1080 2496 γῆς
1111 2444 1292 2499 θυγάτηρ
1318 2443 1511 2501 ῥάφανος.

342 2523 400 2568 Ut
443 2522 714 2582 Sempronius
755 2524 1000 2568 Nicocrates
1047 2524 1226 2568 viatores
1263 2539 1345 2567 non
1388 2525 1538 2569 celavit
1577 2539 1619 2568 se
1650 2524 1770 2568 leno·

342 2616 437 2645 nem
468 2602 592 2645 fuisse
611 2634 623 2653 ,
658 2603 771 2661 App.
804 2603 885 2661 Ep.
915 2605 1017 2646 252.

693 2681 862 2736 ἔμπορος
893 2680 1103 2736 εὐμόρφων
1133 2682 1310 2734 γενόμην

691 2762 804 2815 φίλοι
837 2762 1065 2813 μετέπειτα
1094 2765 1307 2814 γυναικῶν.

341 2838 456 2883 Idem
498 2855 632 2898 neque
673 2841 812 2885 Marco
849 2843 1096 2901 Argentaria
1125 2840 1385 2888 reticendum
1425 2840 1555 2884 visum
1596 2841 1637 2883 in
1679 2855 1769 2882 car-
