1794 3412
659 256 928 296 —217-

192 379 267 434 ἦρά
293 396 344 431 γε
376 381 450 429 τὴν
482 378 723 434 φιλάσωτον
754 379 814 422 ἔτ’
842 381 884 422 ἐν
916 380 1113 422 κοίταισιν
1141 379 1298 432 ἀθρήσω

308 459 518 515 ἄγρυπνον
547 460 691 515 λύχνῳ
717 459 871 503 πόλλ’
902 458 1279 512 άποδαομὲνηνς

190 542 213 592 ἥ
244 543 321 584 τιν’
353 540 444 594 ἔχει
472 540 721 592 σύγκοιτον;
756 540 824 583 ἐπὶ
858 539 1143 595 προθύροισι
1174 537 1406 593 μαράνας

309 620 500 677 δάκρυσιν
532 622 685 672 ἑκδήσω
717 622 811 671 τοὺς
844 621 986 670 ἱκέτας
1018 619 1276 676 στεφάνους,

188 704 229 745 ἓν
258 701 343 746 τόδ’
375 701 647 757 ἐπιγράψας·
679 701 838 756 Κύπρι,
868 701 929 746 σοὶ
960 700 1208 755 Μελέαγρος
1237 699 1256 742 ὅ
1289 697 1452 751 μύστης

307 787 386 827 σῶν
417 784 562 835 κώμων
592 787 769 837 στοργῆς
801 784 941 827 σκῦλα
969 780 1064 826 τάδ’
1095 779 1335 835 ἐκρέμασεν.

70 862 142 908 Vs.
174 866 217 908 4.
263 865 389 908 verba
426 863 552 908 πόλλ’
583 863 870 916 οὶποδαομένην
901 862 1047 906 multis
1090 861 1229 905 modis
1270 868 1429 905 tentata
1461 857 1533 903 sed

68 943 258 987 nondum
287 953 430 987 sanata
466 945 520 987 ab
551 944 646 986 aliis
675 943 791 987 felici
822 957 1017 986 successu
1049 941 1322 985 emendatum
1352 942 1406 983 iri
1436 954 1534 999 spe-

68 1038 132 1070 ro.
196 1024 269 1068 Vs.
303 1027 346 1069 5.
379 1032 496 1067 recte
529 1022 722 1067 Graefius
762 1023 934 1082 scripsit
962 1021 1030 1065 ἐπὶ
1068 1021 1271 1076 προθύροις
1303 1019 1376 1069 δέ,
1411 1027 1454 1063 et
1485 1034 1534 1062 ex

68 1103 172 1147 iocis
200 1118 221 1146 a
246 1103 438 1147 Iacobsio
478 1102 704 1162 adscriptis
726 1136 738 1155 ,
773 1102 1017 1162 Asclepiad.
1051 1103 1105 1147 A.
1138 1102 1187 1146 P.
1215 1102 1279 1153 V,
1318 1103 1418 1145 145.
1457 1100 1533 1142 αὐ-

67 1187 139 1228 τοῦ
170 1199 239 1235 μοι
271 1183 471 1239 στέφανοι
498 1185 615 1238 παρα
652 1183 802 1228 δικλίσι
835 1182 975 1232 ταῖςδε
1008 1181 1232 1237 κρεμαστοὶ
1264 1180 1442 1234 μίμνετε
1473 1204 1535 1212 -—-

67 1262 133 1314 οὓς
172 1264 356 1318 δακρύοις
397 1264 666 1319 κατέβρεξα,
714 1273 757 1307 et
789 1264 871 1323 Ep.
918 1262 1077 1322 Adesp.
1115 1265 1190 1308 24.
1233 1259 1349 1314 λάβε
1390 1262 1533 1304 τοῦτον

67 1346 136 1389 τὸν
166 1345 373 1401 στέφανον
402 1345 472 1388 τὸν
509 1345 622 1398 ἐμοῖς
653 1343 822 1400 δάκρυσι
859 1343 1102 1397 λουόμενον,
1135 1351 1254 1403 patet
1288 1342 1419 1387 verbo
1450 1357 1533 1394 μα-

67 1425 192 1480 ράνας
228 1425 300 1470 hic
326 1425 492 1471 nullum
523 1425 666 1470 locum
692 1440 797 1471 esse.
862 1424 1202 1483 corrigendum:

187 1505 212 1557 ἦ
241 1509 318 1550 τιν’
350 1506 441 1560 ἔχει
473 1506 690 1558 σύγκοιτον
708 1539 721 1555 ,
756 1506 824 1549 ἐπὶ
856 1504 1078 1559 προθύροισι
1108 1503 1152 1548 δὲ
1183 1503 1309 1559 ῥάνας

311 1585 502 1641 δάκρυσιν
528 1586 681 1637 ἐκθήσω
712 1586 808 1634 τοὺς
839 1584 982 1633 ἱκέτας
1011 1581 1272 1639 στεφάνους,

188 1666 230 1711 ἓν
261 1667 344 1711 τόδ’
377 1666 644 1722 ἐπιγράψας·
677 1667 765 1710 κτέ.

68 1747 189 1792 Idem
220 1748 395 1792 verbum
427 1747 693 1792 reddendum
738 1748 906 1791 videtur
948 1747 1175 1806 Antipatro
1204 1745 1314 1797 vn,
1351 1746 1453 1789 464.
1490 1747 1532 1789 5.

67 1828 119 1872 σὺ
157 1827 199 1872 δὲ
234 1827 478 1880 ξαίνουσα
521 1828 696 1883 παρειὰς
743 1827 934 1882 δάκρυσιν
976 1826 1190 1879 ἄγγειλας
1237 1827 1335 1870 κεῖν’
1372 1825 1533 1879 ἀνιαρὸν

67 1907 187 1959 ἔπος,
224 1908 299 1952 ubi
327 1908 601 1952 scribendum
630 1908 833 1962 βαίνουσα.

98 1988 337 2047 ‚Meleager
370 2002 409 2033 c.
441 1992 539 2033 195.

188 2072 242 2114 Αἱ
274 2069 435 2124 τρισσαὶ
469 2068 643 2124 Χάριτες
675 2070 836 2123 τρισσὸν
864 2068 1128 2123 στεφάνωμα
1145 2101 1158 2118 ,
1191 2067 1426 2112 σύνευναι

309 2149 601 2204 Ζηνοφίλαν
631 2152 803 2202 τρισσὶὶς
829 2148 1033 2201 σύμβολα
1063 2147 1327 2198 καλλοσύνας
1348 2163 1357 2172 ·

190 2231 219 2272 οὶ
244 2230 320 2281 μὲν
341 2230 409 2272 ἐπὶ
430 2229 588 2283 χρωτὸς
615 2228 767 2281 θεμένα
793 2227 938 2278 πόθον,
960 2212 1002 2271 ’,ά
1023 2228 1058 2271 δ’
1081 2228 1149 2272 ἐπὶ
1174 2230 1342 2283 μορφᾶς

309 2306 468 2363 ἵμερον,
503 2308 533 2351 ά
552 2308 594 2352 δὲ
619 2307 760 2360 λόγοις
786 2309 834 2351 τὸ
855 2308 1120 2361 γλυκύμυθον
1144 2307 1242 2357 ἔπος
1257 2323 1268 2333 ·

186 2387 376 2443 τρισσάκι
406 2391 478 2432 σεῦ
505 2389 548 2431 δὲ
574 2387 705 2440 μόνας
733 2388 803 2431 καὶ
831 2387 1030 2443 Κύπριδος
1057 2385 1246 2431 ὥπλισαν
1271 2386 1395 2431 εὐνάν
1412 2422 1424 2438 ,

311 2470 382 2514 καὶ
409 2470 537 2513 Πειθὼ
558 2469 707 2521 μύθους
738 2468 808 2512 καὶ
836 2468 975 2520 γλυκὺ
1011 2468 1168 2518 κάλλος
1186 2469 1333 2524 Ἔρως.

74 2550 207 2592 Versu
249 2550 388 2608 primo
436 2549 629 2608 Toupius
677 2557 721 2591 et
763 2548 1006 2593 Brunckius
1056 2550 1320 2609 scripserunt
1359 2550 1534 2606 συνεύνᾳ

72 2629 317 2685 Ζηνοφίλα,
366 2645 390 2672 ιι
431 2644 517 2690 quo
568 2629 826 2673 recentiores
869 2628 1152 2674 discesserunt
1204 2628 1319 2688 quod
1363 2630 1532 2679 συνεύνη

0 2723 3 2726 ’
74 2710 282 2753 Graecum
322 2724 406 2752 non
449 2710 534 2762 sit3
585 2710 671 2752 imo
712 2708 831 2752 illam
880 2710 1112 2754 Graecitati
1150 2710 1278 2769 plane
1320 2710 1534 2754 adversari

73 2789 310 2835 Lobeckius
339 2791 620 2850 peritissimus
650 2790 775 2834 iudex
806 2791 951 2834 statuit
982 2791 1120 2838 Paral.
1146 2792 1206 2836 11.
1241 2807 1286 2851 p.
1321 2794 1420 2835 473.
1457 2792 1532 2850 qui

75 2879 214 2914 nostro
242 2872 336 2915 loco
368 2873 555 2925 συνῄνουν
584 2872 797 2925 coniecit,
833 2871 947 2930 quod
979 2887 1063 2916 non
1094 2873 1225 2931 magis
1262 2872 1530 2931 probandum
