1794 3412
903 246 1167 286 -108—

330 373 376 406 ut
408 365 494 424 ipsa
527 366 649 407 etiam
686 364 844 407 foribus
875 381 981 423 quac
1009 368 1288 427 effringendae
1317 379 1450 413 essent
1478 371 1724 414 irasceretur
1743 405 1754 424 ,

329 444 441 487 unde
478 445 561 486 leni
600 458 726 486 manu
768 444 1053 502 refingendum
1102 462 1214 490 esse:
1259 449 1432 498 αὐλείοις
1481 450 1756 501 συγκοτέουσα
1792 479 1794 481 -

329 522 476 575 θύραις.
542 522 632 564 Hoc
655 537 804 580 parum
830 522 1076 579 probabile,
1111 525 1180 567 sed
1213 540 1259 568 ex
1283 527 1468 572 eiusdem
1499 530 1575 571 viri
1603 529 1756 572 doetis-

326 601 421 642 simi
458 600 595 642 verbis
628 600 678 642 do
722 600 895 658 Satyra,
934 618 1039 660 quae
1075 612 1203 646 totam
1230 621 1305 663 per
1344 616 1510 650 noctem
1542 623 1673 666 usque
1705 609 1755 651 ad

325 678 422 721 solis
462 687 602 721 ortum
647 681 967 723 comissantibus
1015 681 1188 735 aderat,
1233 700 1339 742 quae
1380 689 1584 729 sententia
1635 688 1757 730 unice

325 766 421 814 apta
442 790 453 807 ,
487 757 703 800 emendavi
721 759 895 803 vitiosa:
929 761 1223 815 πανεπόρφνιος
1254 765 1320 813 ἠῶ.
1357 763 1457 808 Otto
1479 765 1758 809 Schneiderus
1792 767 1794 769 ’

323 836 484 878 infelici
502 837 740 879 coniectura
767 839 869 890 ἠχώ.
906 840 984 882 Pro
1008 839 1152 889 κύλικ’
1175 842 1219 883 ά.
1253 851 1294 884 et
1321 841 1402 885 alia
1435 843 1560 885 verba
1591 845 1758 887 restitui

321 923 526 972 possunt,
562 923 606 957 ut
633 916 754 966 ἤπυσ’
781 918 955 966 αὐλείοις
983 920 1069 961 κτὲ.
1120 919 1202 963 Sed
1231 921 1390 979 absque
1422 921 1503 964 hoc
1527 925 1757 966 sententiae

321 1002 588 1052 prospectum
621 1010 706 1037 esse
743 997 949 1039 neminem
978 1005 1226 1055 negaturum
1258 1000 1424 1057 opinor.

381 1074 492 1116 Hine
545 1075 841 1117 transeundum
896 1075 946 1117 ad
996 1077 1155 1135 aliquot
1202 1078 1494 1136 inscriptiones
1547 1079 1753 1123 Antholo-

320 1153 411 1210 gine
441 1152 710 1210 Meleagricae
749 1169 769 1195 a
799 1153 983 1212 Cephala
1016 1141 1123 1198 inter
1154 1158 1451 1214 epigrammata
1476 1157 1754 1201 Ἐπιδεικτικά

319 1231 501 1282 relatas,
538 1233 590 1275 Δ.
625 1232 671 1274 P.
703 1232 761 1274 IX
783 1264 793 1283 ,
828 1235 929 1276 3¹6.

431 1309 501 1353 ‘'⁹ss
528 1309 649 1353 τάνδε
676 1311 911 1364 στείχοντες
939 1314 1189 1366 άταρπιτὸν,
1223 1314 1315 1357 αἵτε
1341 1318 1433 1358 ποτ’
1458 1316 1607 1369 amobe,-

555 1390 725 1442 δαμόθεν
750 1390 833 1433 αἵτ’
859 1393 935 1433 άπ’
961 1393 1095 1446 ἀγρῶν
1124 1395 1249 1436 νεῖσθε
1277 1398 1368 1437 ποτ’
1395 1395 1634 1448 ἀκρόπολιν,

439 1469 580 1520 ἄμμες
607 1467 699 1522 ὅρων
725 1470 940 1523 φύλακες,
974 1471 1097 1514 δισσοὶ
1127 1472 1232 1521 θεοὶ,
1266 1471 1316 1516 ὧν
1347 1475 1365 1516 0‘
1392 1475 1466 1524 μὲν
1498 1477 1651 1527 Ἑρμᾶς
1670 1508 1681 1523 ,

555 1545 629 1590 οἷον
653 1549 739 1602 ὂρῇς
767 1552 814 1600 μ’
831 1581 844 1598 ,
878 1547 992 1598 οὗτος
1016 1551 1050 1592 δ’
1077 1549 1216 1604 ἅτερος
1245 1552 1469 1606 Ἠρακλέης
1490 1568 1499 1577 ·

438 1625 568 1680 ἄμφω
600 1627 676 1678 μὲν
707 1628 862 1676 θνατοῖς
895 1627 1081 1678 εὐάκοοι,
1114 1629 1231 1673 άλλοὶ
1258 1631 1344 1673 ποθ’
1374 1631 1520 1679 αὑτούς

555 1944 661 1985 αἵτ’
693 1943 808 1995 ὠμὰς
836 1945 1018 1998 παραθῇς
1046 1944 1235 1998 ἀχράδας
1253 1978 1266 1994 ,
1299 1946 1533 2000 ἐγκέκαφεν
1553 1963 1561 1971 ·

438 2019 501 2062 ναὶ
529 2021 615 2072 μάν
641 2022 832 2070 ὡσαύτως
860 2023 952 2071 τοὺς
982 2022 1161 2076 βότρυας
1179 2056 1191 2072 ,
1225 2023 1317 2067 αἵτε
1344 2024 1539 2068 πέλονται

555 2098 716 2153 ὅριμοι,
750 2099 841 2143 αἵτε
872 2100 1006 2153 χύδαν
1035 2100 1246 2156 ὄμφακες,
1276 2103 1518 2157 εὖτρέπικεν.

439 2178 564 2229 μισέω
591 2179 670 2222 τάν
700 2179 890 2232 μετοχάν
920 2180 999 2223 οὐδ’
1028 2180 1171 2232 ἥδομαι
1191 2197 1200 2206 ·
1232 2183 1332 2236 άλλ’
1362 2183 1380 2225 ὖ
1411 2182 1541 2237 φέρων
1571 2200 1610 2226 τι

554 2257 691 2312 άμφὶς
711 2291 722 2307 ,
755 2260 813 2310 μὴ
845 2263 956 2314 κοινᾷ
988 2265 1070 2307 τοῖς
1102 2260 1188 2302 δυσὶ
1221 2260 1443 2314 παρτιθέτω
1464 2276 1472 2284 ·

1267 2343 1296 2361 ”
1329 2339 1483 2383 άλλοτε
1518 2344 1678 2383 »τοῦτο

439 2335 507 2379 καὶ
539 2336 698 2389 λεγέτω
733 2338 839 2380 »τὶν
869 2340 975 2381 τοῦθ’
1007 2339 1250 2392 Ἡράκλεες·

502 2459 508 2463 ,
555 2419 730 2471 Ἑρμᾷ”
764 2416 831 2458 καὶ
863 2417 949 2459 λύοι
980 2418 1057 2459 τάν
1089 2417 1164 2472 ἔριν
1190 2418 1444 2473 άμφοτέρων.

319 2493 411 2536 Hoc
447 2493 658 2538 Leonidae
689 2509 854 2536 carmen
888 2496 1132 2554 inscriptum
1170 2498 1251 2539 fuit
1281 2499 1459 2540 termino
1487 2498 1529 2539 in
1562 2497 1753 2539 confiniis

319 2572 436 2615 urbis
475 2580 517 2614 et
556 2573 686 2614 tribus
722 2573 917 2617 rusticae.
982 2575 1039 2618 Ut
1068 2576 1111 2617 in
1149 2576 1287 2618 Attica
1315 2576 1505 2635 pluribus
1534 2575 1665 2626 locis,
1699 2575 1751 2617 de

320 2666 404 2709 quo
446 2651 580 2694 nobili
629 2651 719 2693 loco
764 2652 881 2694 Plato
924 2653 1157 2712 Hipparch.
1194 2657 1297 2698 228.
1334 2655 1385 2700 D.
1431 2655 1662 2707 Ἵππαρχος
1693 2679 1752 2687 -—

319 2729 464 2779 ἔστησε
495 2731 587 2778 τοὺς
615 2733 654 2772 ἐν
682 2736 764 2779 τοῖς
792 2733 931 2784 άγροῖς
959 2735 1112 2786 Ἑρμὶὶς
1146 2733 1256 2775 κατα
1287 2733 1364 2780 τοὶς
1399 2733 1506 2780 ὁδοὺς
1546 2733 1592 2774 ἐν
1623 2732 1750 2785 μέσῳ

320 2815 402 2853 τοῦ
435 2810 611 2858 ἄστεος
644 2812 723 2853 καὶ
758 2816 846 2853 τῶν
880 2812 1037 2863 δήμων
1078 2812 1321 2861 ἑκάστων,
1368 2811 1549 2855 κᾶπειτα
1581 2810 1750 2860 ἐκλεξά-
