1794 3412
930 265 1194 304 ·7204—

347 398 410 424 σιν
435 383 660 432 αὐσταλέη.
695 391 736 425 et
767 382 876 440 apud
908 382 1085 427 Theocr.
1116 385 1238 437 xlv,
1275 388 1315 428 4.
1358 389 1420 439 χὼ
1452 388 1621 439 μύσταξ
1646 388 1772 435 πολὺς

344 458 456 509 οὗτος
486 460 707 503 ἀΰσταλέοι
738 460 778 503 δὲ
810 461 968 504 κίκιννοι
999 461 1209 507 Simonid.
1253 463 1306 506 fr.
1337 467 1409 508 50.
1441 468 1485 510 9.
1527 465 1711 510 αὐαλέαν
1740 464 1775 507 δ’

346 536 485 590 ὕπερθε
516 538 616 581 τεὰν
653 537 785 591 κόμαν
817 539 991 590 βαθεῖαν
1027 540 1236 594 παριόντος
1269 540 1451 593 κύματος
1481 546 1551 587 οὐκ
1590 543 1774 596 ἀλέγεις.

347 616 400 671 Q.
427 615 598 674 Smyrn.
627 616 714 668 xl,
748 619 850 662 344.
891 617 1067 661 αὐαλέαι
1098 618 1141 662 δέ
1170 619 1203 662 οἱ
1234 620 1349 675 ἀμφὶ
1377 620 1500 672 κόμαι
1540 622 1628 676 περὶ
1657 624 1774 677 κροῖτι

344 695 531 748 κέχυντο.
573 695 714 740 Nonn.
764 695 884 740 Dion.
913 697 998 747 IV.
1034 700 1134 742 363.
1183 701 1362 754 ψαφαρὴ
1401 699 1442 742 δὲ
1480 703 1573 743 κατ’
1603 701 1775 755 αὐχένος

343 772 446 827 ἔρρεε
471 774 619 828 χαίτη.

404 852 668 897 Dioscorides
699 854 734 895 V
755 886 767 906 ‚
801 858 871 898 54.

460 933 635 983 Μήποτε
664 933 930 987 γαστροβαρῆ
962 934 1059 988 πρὸς
1090 935 1158 978 σὸν
1188 935 1315 990 λέχος
1345 935 1717 990 ἀντιπρόσωπον

576 1010 803 1065 παιδογόνῳ
833 1012 1001 1068 κλίνης
1031 1012 1198 1067 Κύπριδι
1228 1013 1470 1068 τερπόμενος
1489 1029 1500 1039 ·

458 1088 623 1139 μεσσόθι
654 1090 737 1143 γὰρ
766 1089 885 1142 μέγα
911 1094 1027 1143 κῦμα
1054 1090 1123 1134 καὶ
1154 1093 1226 1135 οὐκ
1255 1092 1393 1143 ὀλίγος
1422 1090 1540 1142 πόνος
1571 1092 1686 1137 ἔσται

577 1175 651 1219 τῆς
681 1170 758 1222 μὲν
787 1169 1071 1223 ἐρεσσομένης,
1104 1174 1175 1213 σοῦ
1206 1169 1247 1213 δὲ
1279 1171 1563 1223 σαλευομένου.

458 1248 578 1291 ἀλλὰ
607 1249 720 1302 πρὶν
749 1248 970 1303 στρέψας
1000 1248 1184 1303 ῥοδοειδέῖ
1210 1249 1354 1304 τέρπεο
1383 1257 1498 1305 πυγῇ
1515 1284 1528 1299 ,

575 1329 649 1377 τὴν
678 1328 834 1381 ἄλοχον
864 1328 1032 1380 νομίσας
1062 1327 1336 1382 ἀρσενόπαιδα
1361 1329 1527 1383 Κύπριν.

343 1406 424 1449 Pro
455 1406 590 1461 κλίνης
622 1405 736 1465 quod
765 1422 958 1464 praesens
984 1415 1079 1466 post
1114 1408 1173 1459 μή
1205 1407 1306 1450 ferri
1334 1408 1484 1465 nequit
1509 1406 1775 1451 scribendum

343 1493 406 1528 est
433 1486 619 1539 κλινθῇς,
653 1500 738 1543 quo
766 1485 892 1528 simul
914 1485 1048 1528 activa
1082 1486 1198 1528 verbi
1227 1485 1361 1529 forma
1389 1487 1432 1529 in
1463 1488 1666 1546 passivam
1689 1500 1777 1530 mu-

345 1572 472 1608 tatur.
503 1563 596 1607 1100
626 1563 800 1606 verbum
827 1562 1084 1623 iungendum
1116 1578 1211 1607 cum
1237 1563 1356 1619 πρός,
1390 1573 1437 1608 ut
1462 1564 1590 1610 Hom.
1620 1561 1777 1618 11.V1,

347 1644 445 1686 468.
475 1640 542 1697 ἂψ
568 1641 603 1685 δ’
618 1642 638 1686 ὅ
654 1641 754 1692 πάϊς
781 1642 877 1697 πρὸς
902 1642 1052 1688 κόλπον
1074 1642 1250 1697 ἐϋζώνοιο
1271 1644 1429 1695 τιθήνης
1455 1644 1611 1694 ἐκλίνθη
1633 1643 1778 1698 ἰάχων.

344 1720 477 1766 Anth.
511 1721 631 1768 Plan.
659 1722 703 1771 1.
734 1724 803 1767 12.
838 1724 882 1768 2.
913 1723 1010 1777 πρὸς
1034 1723 1250 1775 μαλακοὺς
1275 1725 1376 1777 ἠχεῖ
1398 1723 1620 1776 κεκλιμένα
1641 1725 1779 1779 Ζεφύ-

343 1816 444 1854 ρους.
485 1801 538 1845 Δ.
572 1800 621 1845 Ρ.
651 1800 710 1844 Vl
727 1832 741 1853 ,
785 1803 887 1846 287.
922 1803 965 1846 6.
1016 1801 1111 1856 πρὸς
1153 1801 1278 1846 λαιὰν
1318 1806 1506 1855 ποταμοῦ
1547 1803 1781 1856 κεκλιμένον

344 1877 533 1932 λαγόνα,
566 1880 673 1922 utin
702 1879 847 1923 codice
873 1879 1105 1923 secundum
1135 1879 1417 1925 Paullsenium
1441 1881 1610 1939 legitur.
1644 1882 1716 1927 Vs.
1735 1887 1779 1931 5,.

345 1958 561 2002 Iacobsius
601 1959 811 2002 coniecit:
856 1958 986 2000 πάλιν
1015 1958 1224 2011 στρέψας,
1257 1973 1336 2002 nec
1370 1975 1468 2004 sane
1509 1961 1601 2015 πρίν
1632 1976 1776 2006 sanum

344 2036 584 2080 habendum
620 2045 697 2082 est.
759 2035 843 2079 Sed
871 2036 1007 2094 aptius
1033 2037 1157 2081 simul
1190 2044 1233 2080 et
1258 2036 1394 2080 lenius
1421 2040 1635 2098 corrigas:
1669 2057 1777 2094 περι-

345 2115 540 2171 στρέψας.

407 2194 731 2240 Dioscorides.v
752 2227 764 2246 ,
799 2199 871 2239 55.

463 2274 622 2328 Δωρίδα
651 2274 724 2324 τὴν
753 2273 969 2328 ροδόπυγον
1000 2274 1098 2328 ὑπὲρ
1129 2275 1286 2328 λεχέων
1312 2275 1514 2326 διατείνας

581 2352 779 2396 ἄνθεσιν
809 2353 851 2395 ἐν
879 2358 1062 2407 χλοεροΐς
1092 2353 1293 2404 ἀθάνατος
1324 2355 1505 2407 γέγονα·

465 2435 488 2482 ἦ
518 2431 602 2485 γαρ
630 2430 900 2486 ὑπερφυέεσσι
930 2431 1054 2483 μέσον
1083 2431 1272 2485 διαβᾶσα
1301 2449 1355 2485 με
1386 2434 1529 2478 ποσσὶν

581 2511 695 2561 ἤνυεν
724 2509 918 2558 ἀκλινέως
949 2511 1017 2553 τὸν
1047 2511 1240 2566 Κύπριδος
1271 2512 1464 2567 δόλιχον,

464 2589 623 2642 ὄμμασι
654 2589 778 2643 νωθροὶ
807 2589 1025 2641 βλέπουσα
1042 2604 1052 2615 ·
1082 2591 1139 2633 τα
1170 2591 1205 2634 δ’
1237 2592 1332 2642 ἠΰτε
1363 2593 1569 2645 πνεύματι
1600 2594 1775 2648 φύλλα,

584 2668 976 2722 ἀμφισαλευομένης
994 2701 1005 2718 ,
1039 2668 1182 2723 ἔτρεμε
1213 2670 1447 2724 πορφύρεα,

465 2749 609 2802 μέχρις
641 2748 895 2797 ἀπεσπείσθη
927 2748 1068 2791 λευκὸν
1093 2749 1209 2800 μένος
1239 2750 1503 2802 ἀμφοτέροισι

584 2827 652 2870 καὶ
685 2827 810 2881 Δωρὶς
843 2828 1028 2880 παρέτοις
1061 2827 1233 2881 ἐξεχύθη
1266 2828 1443 2879 μέλεσιν.
