1794 3412
923 284 1158 326 -33-

327 408 449 466 giaco
475 409 660 467 primum
692 405 852 449 includi
889 414 1061 465 coeptae
1099 413 1194 448 sunt
1225 405 1516 464 inscriptiones
1549 405 1759 463 sepulcra·
1792 422 1794 465 ᾗ

330 486 418 538 les,
451 486 502 529 ad
535 499 714 544 quarum
750 484 986 543 exemplum
1020 484 1090 528 sed
1127 485 1259 527 serius
1288 483 1456 528 demum
1497 484 1643 529 eodem
1672 499 1760 527 me·

331 574 397 609 tro
424 566 488 607 uti
517 574 824 607 consueverunt
855 572 1004 622 poetae
1034 563 1077 606 in
1104 562 1452 621 inscriptionibus
1493 564 1762 608 donariorum

331 657 379 687 ex
410 652 508 686 voto
547 642 858 687 dedicatorum.
919 641 1070 701 Neque
1109 640 1346 700 negandum
1379 641 1486 686 hanc
1511 643 1764 702 interpreta-

331 724 490 767 tionem
518 723 653 766 tribus
681 724 839 767 firmari
876 723 1100 766 momentis
1135 722 1409 779 gravissimis,
1441 723 1623 780 primum
1652 721 1764 780 quod
1792 751 1794 754 ι

332 817 472 845 versus
497 802 671 861 elegiaci
697 803 863 862 queruli
898 810 1171 862 opponuntur
1204 802 1515 860 epigrammatis
1554 802 1766 854 ἀναθήμα-

332 886 488 932 τικοΐς,
521 889 611 926 tum
639 883 797 927 verbo:
833 883 1015 926 inclusa
1045 887 1140 932 est,
1174 882 1259 939 qui>
1295 881 1494 925 Hora-tius
1524 880 1631 924 'usus
1675 888 1766 931 est,

333 960 446 1020 quod
475 961 527 1004 ad
553 962 740 1021 priorem
769 975 941 1021 quoque
975 974 1143 1004 versum
1175 959 1443 1005 referendum
1478 959 1531 1004 de
1558 962 1768 1019 epigram·

332 1047 445 1084 mate
469 1039 683 1098 aptissime
705 1038 863 1083 dicitur
880 1071 892 1091 ,
926 1048 974 1082 ut
998 1038 1103 1082 alius
1133 1046 1287 1097 poeta:

452 1119 612 1178 quique
638 1117 836 1162 adstricta
865 1118 982 1161 brevi
1008 1117 1211 1162 claudunt
1240 1118 1538 1177 epigrammata
1566 1115 1678 1159 nodo
1697 1148 1709 1168 ,

333 1205 376 1243 et
406 1198 583 1242 maxime
613 1213 663 1241 eo
696 1196 810 1256 quod
851 1196 1011 1240 nullius
1040 1197 1239 1241 carminis
1269 1196 1472 1256 elegiaci,
1503 1203 1670 1255 praeter
1703 1195 1771 1239 in·

334 1277 582 1337 scriptiones
612 1275 893 1336 sepulcrales,
926 1275 978 1320 ad
1014 1285 1199 1320 nostram
1244 1284 1421 1320 aetatem
1453 1283 1682 1336 propagata
1710 1283 1771 1318 est

335 1358 567 1409 memoria,
588 1371 686 1416 ³quo
712 1364 874 1400 constat
901 1356 1028 1400 etiam
1058 1356 1279 1414 lugubrem
1309 1356 1611 1415 antiquissimis
1639 1354 1774 1413 poetis

321 1436 507 1481 Graecis
543 1436 671 1480 fuisse
705 1435 901 1495 elegiam.
962 1435 1198 1479 Provocant
1238 1434 1411 1494 quidem
1447 1435 1528 1478 viri
1568 1433 1684 1477 dooti
1720 1431 1772 1475 ad

335 1513 586 1561 Archilochi
611 1528 809 1566 carmen,
840 1513 894 1557 de
918 1528 1004 1572 quo
1027 1512 1278 1557 Plutarchus
1303 1511 1356 1556 de
1378 1511 1489 1557 And.
1520 1519 1635 1572 poet.
1667 1516 1708 1556 e.
1727 1513 1770 1556 6.

334 1590 434 1636 ὅταν
458 1592 501 1636 δὲ
530 1591 821 1648 (Ἂρχὶλοχος)
850 1591 921 1634 τὸν
935 1590 1063 1645 ἄνδρα
1076 1596 1151 1642 τῆς
1165 1591 1354 1646 ἀδελφῆς
1377 1589 1650 1646 ἠφανισμένον
1665 1590 1706 1633 ἓν
1720 1595 1772 1645 τῇ

316 1670 525 1729 Ιθουιοίττῃ
552 1671 622 1715 καὶ
647 1671 706 1723 μὴ
729 1668 917 1724 τυχόντα
946 1670 1117 1722 νομίμου
1141 1672 1283 1724 ταφῆς
1306 1669 1412 1726 λέγῃ
1440 1671 1583 1724 θρηνῶν
1605 1670 1770 1723 μετριώ-

334 1765 448 1805 τερον
475 1749 528 1793 ἂν
555 1750 632 1800 τὴν
659 1749 877 1805 συμφορὰν
906 1749 1091 1801 ἐνεγκεῖν

572 1829 607 1872 εἲ
634 1828 763 1873 κείνου
792 1829 982 1883 κεφαλὴν
1012 1828 1082 1871 καὶ
1113 1827 1316 1881 χαρίεντα
1344 1826 1479 1879 μέλεοι

453 1908 688 1962 Ἥφαιστος
715 1907 944 1960 καθαροῖσιν
969 1907 1011 1949 ἐν
1034 1903 1198 1958 emam
1227 1906 1499 1960 ὦμφεπονῆδη
1512 1937 1525 1954 ,
1564 1940 1566 1942 .

336 1987 384 2031 τὸ
409 1990 489 2041 πῦρ
519 1985 643 2035 οὕτως
659 2017 673 2035 ,
705 1986 750 2030 οὐ
780 1986 849 2029 τὸν
878 1986 963 2028 θεὸν
1001 1983 1344 2038 προσηγόρευσεν,
1378 1993 1421 2028 et
1463 1982 1594 2026 verbo
1633 1984 1774 2037 θρηνῶν

323 2064 753 2126 -apudt’lutarchum
779 2065 917 2123 ipsum
949 2063 1108 2121 elegiae
1146 2070 1438 2121 argumentum
1470 2060 1646 2104 indicari
1676 2075 1775 2104 een·

334 2153 446 2189 sent.
510 2144 568 2188 At
593 2158 692 2186 vero
721 2151 793 2186 aut
818 2158 896 2201 ego
927 2143 1093 2200 egregie
1119 2141 1245 2184 fallor
1275 2149 1346 2184 aut
1369 2138 1652 2185 Archilochus
1693 2139 1775 2183 hoc

338 2224 525 2269 carmine
554 2236 820 2280 nequaquam
861 2204 1171 2264 miserationem
1212 2235 1382 2263 morere
1415 2218 1603 2272 studuit,
1637 2233 1775 2277 neque

339 2302 491 2346 sororis
517 2301 717 2345 maritum
745 2299 873 2359 elegis
899 2299 1102 2352 deflevit,
1136 2298 1251 2358 quod
1279 2299 1332 2342 ab
1357 2300 1448 2342 eius
1476 2298 1645 2357 ingenio
1670 2297 1776 2341 mihi

339 2382 505 2426 videtur
535 2381 831 2425 alienissimum
849 2413 860 2432 ,
894 2379 964 2422 sed
994 2380 1084 2423 eius
1108 2379 1319 2422 vinteritus
1354 2378 1431 2421 hac
1459 2392 1539 2421 una
1571 2377 1623 2420 de
1654 2391 1775 2420 causa

339 2462 596 2505 mentionem
623 2460 755 2511 fecit,
800 2474 852 2502 ne
889 2459 1126 2518 praeceptis
1166 2465 1329 2500 tantum
1365 2457 1518 2500 civium
1559 2457 1717 2500 animos
1755 2470 1778 2498 a

339 2541 460 2585 luctu
490 2553 684 2584 revocare
715 2537 930 2581 videretur
951 2570 962 2589 ,
998 2552 1128 2596 quum
1152 2538 1241 2595 ipse
1282 2536 1525 2594 plenissime
1554 2535 1777 2594 perficeret

341 2620 452 2679 quod
482 2619 574 2662 aliis
608 2617 848 2661 faciendum
877 2615 1140 2660 existimabat
1167 2623 1208 2658 et
1245 2616 1384 2658 animo
1412 2615 1583 2658 robusto
1613 2614 1777 2673 perfer·

341 2709 408 2744 ret
442 2698 722 2742 calamitatem
765 2697 1055 2740 domesticam.
1117 2694 1347 2752 Naufragio
1389 2703 1527 2737 autem
1566 2694 1776 2751 perierant

342 2781 491 2839 optimi
512 2778 671 2837 quique
690 2785 733 2821 et
760 2775 1008 2819 nobilissimi
1032 2774 1194 2833 patriae
1216 2773 1348 2821 cives,
1383 2773 1493 2816 inter
1517 2787 1622 2831 quos
1647 2773 1794 2831 ipsius*

343 2858 589 2904 Archilochi
624 2857 775 2902 sororis
805 2857 978 2900 maritus
1000 2888 1010 2907 ‚
1046 2869 1128 2913 quo
1172 2854 1282 2897 facto
1321 2851 1432 2896 velut
1476 2852 1519 2896 in
1551 2851 1661 2897 malo
1695 2867 1794 2911 pu··
