1794 3412
906 250 1139 291 ..98-

1787 340 1794 361 ς

434 372 549 413 οέλλοὶ
581 388 633 421 με
662 376 847 413 κακκεῖαι
875 373 945 413 σὺν
970 374 1185 436 τεύχεσιν,
1220 372 1330 415 ἅσσα
1361 391 1426 424 μοι
1461 375 1591 424 ἔστιν,
1780 364 1794 431 ἶ

432 450 546 500 σῆμοὶ
573 450 618 491 τὲ
644 465 710 500 μοι
737 453 862 502 χεῦαι
887 456 1029 500 πολιῆς
1061 451 1127 493 ἐπὶ
1153 451 1223 493 θινὶ
1254 452 1462 503 θαλάσσης
1781 455 1794 503 ἒ

432 528 566 581 ἀνδρὸς
590 529 789 579 δυστήνοιο
816 529 885 570 καὶ
916 529 1160 580 ἐσσομένοισι
1187 530 1403 573 πυθέσθαι·

430 606 567 650 ταῦτα
588 607 640 649 τὲ
666 623 733 658 μοι
763 608 930 650 τελέσαι
962 607 1092 658 πῆξαί
1116 611 1154 651 τ’
1185 609 1252 651 ε’πὶ
1283 610 1431 663 τύμβῳ
1461 611 1624 664 ἐρετμὸν

430 688 486 740 τῷ
512 686 580 729 καὶ
613 686 707 739 ζωὸς
739 686 894 740 ἔρεσσον
911 721 923 736 ,
956 689 1024 730 ἐὼν
1055 690 1149 739 μετ’
1177 689 1287 739 ἐμοῖς
1315 688 1533 742 ἑτάροισιν,

313 773 352 807 et
386 765 498 817 XII,
536 767 607 810 16.

430 845 591 896 τύμβον
620 846 822 898 χεύαντες
850 845 918 887 καὶ
951 845 1016 888 ε’πὶ
1049 847 1202 896 στήλην
1226 847 1437 899 ἐρύσαντες

431 923 621 976 πήξαμεν
647 924 855 978 οέκροτοὶτῳ
886 925 1033 979 τύμβῳ
1063 927 1197 978 εὐῆρες
1225 925 1401 978 ἐρετμόν.

311 1003 371 1045 Ex
410 1002 714 1061 sepulcralibus
746 1013 882 1046 autem
924 1013 964 1045 et
1001 1003 1268 1046 dedicatoriis
1307 1003 1649 1062 inscriptionibus
1679 1020 1746 1047 eas

311 1082 574 1140 potissimum
601 1082 779 1140 deligam
800 1115 809 1132 ,
845 1084 886 1124 in
916 1083 1069 1140 quibus
1101 1083 1328 1125 clarissime
1361 1091 1591 1126 cernuntur
1622 1083 1746 1126 huius

314 1162 546 1204 carminum
576 1162 738 1219 generis
778 1170 916 1205 notae.
982 1161 1090 1217 Quas
1122 1162 1259 1219 quivis
1301 1170 1445 1204 cernet
1473 1161 1514 1204 in
1544 1161 1747 1205 Heracliti

315 1240 496 1283 versibus
530 1242 580 1285 A.
612 1241 658 1285 Ρ.
692 1241 771 1283 Vll
794 1273 804 1289 ,
841 1243 923 1283 465

430 1323 479 1361 ‘A
507 1319 608 1367 κόνις
635 1321 912 1372 ἀρτίσκαπτος
940 1319 1006 1361 ἐπὶ
1035 1318 1197 1365 στάλας
1229 1318 1270 1360 δὲ
1297 1318 1492 1368 μετώπων

549 1399 721 1440 σείονται
754 1398 925 1451 φύλλων
954 1397 1165 1448 ήμιθαλεῖς
1194 1395 1418 1448 στέφανοι·

429 1475 609 1528 γράμμα
636 1477 906 1528 διακρίναντες
934 1474 1107 1527 ὁδοιπόρε
1139 1473 1279 1525 πέτρον
1306 1473 1452 1523 ἰ’δωμεν

546 1555 675 1597 λευκοὶ
702 1555 980 1607 περιστέλλειν
1005 1553 1128 1595 ὀστέα
1153 1552 1260 1605 φατὶ
1293 1553 1396 1600 τίνος
1413 1568 1421 1575 ·

432 1636 531 1677 Ξεῖν’
561 1632 807 1686 Ἀρετήμιοὶς
834 1638 940 1684 εἰμι,
975 1631 1115 1685 πάτρα
1147 1630 1307 1679 Κνίδος,
1341 1629 1544 1685 Εὔφρονος
1573 1630 1687 1682 ἦλθον
1726 1666 1734 1675 .

547 1714 602 1761 εἷς
629 1714 753 1765 λέχος
775 1728 783 1737 ·
816 1713 954 1756 ὠδίνων
986 1714 1056 1754 οὐκ
1083 1709 1228 1764 ἄμορος
1255 1710 1435 1763 γενόμαν
1452 1727 1461 1735 ·

430 1793 548 1843 δισσοὶ
576 1792 609 1833 δ’
635 1792 733 1842 ὁμοῦ
761 1792 956 1834 τίκτουσα
982 1791 1027 1833 τὸ
1058 1791 1133 1841 μὲν
1161 1791 1278 1832 λίπον
1309 1790 1418 1842 ἀνδρὶ
1451 1791 1629 1842 ποδαγὸν

548 1871 676 1922 γήρως
696 1903 707 1917 ,
742 1867 782 1911 ὃν
809 1869 842 1910 δ’
869 1869 1022 1919 ἀπάγω
1054 1868 1308 1919 μναμόσυνον
1338 1868 1489 1916 πόσιος.

312 2074 405 2123 Epic.
419 2077 476 2109 26.
503 2077 535 2109 3.
561 2087 592 2122 p.
608 2077 702 2110 1104
723 2077 761 2109 D.
788 2073 830 2110 ἐκ
855 2073 897 2110 δὲ
924 2076 1062 2110 τούτου
1083 2077 1324 2123 παρατροπῆς
1342 2074 1540 2124 γενομένης
1561 2077 1625 2112 καὶ
1646 2076 1747 2113 ὅπλα

313 2145 378 2179 καὶ
404 2144 520 2188 σκεύη
545 2145 609 2179 καὶ
635 2143 771 2190 ἱμάτια
807 2149 890 2185 τοῖς
924 2144 1135 2189 τεθνηκόσι
1167 2146 1231 2180 καὶ
1267 2142 1317 2184 ὡς
1341 2146 1474 2186 Μίνως
1503 2144 1555 2193 τῷ
1585 2147 1748 2196 Γλαύκῳ

361 2213 582 2261 Κρητικοὺς
613 2211 772 2254 Λύλοὺς
808 2212 1067 2258 θανούσης
1101 2212 1205 2248 κῶλα
1243 2213 1422 2259 ποικίλης
1465 2212 1602 2262 νεβροῦ

315 2282 598 2323 συνθάπτοντες
618 2281 726 2328 ἥδιον
746 2282 895 2328 ἔχουσι.
919 2285 961 2317 In
972 2281 1144 2330 Euripidis
1159 2281 1270 2316 verbis
1282 2281 1457 2329 adscriptis
1470 2283 1620 2331 corrige:
1644 2283 1750 2331 Κρη-

313 2354 422 2398 τικῆς
445 2358 480 2387 et
505 2353 672 2390 θανόντι
697 2372 744 2379 ——
768 2353 818 2388 ita
847 2358 980 2400 praeter
1016 2350 1248 2398 inscriptiones
1286 2351 1488 2398 sepulcrales
1522 2351 1628 2400 cippis
1663 2353 1748 2388 inci-

313 2434 386 2466 saS,
414 2422 725 2457 instrumentorum
760 2419 886 2469 quibus
911 2419 974 2455 visi
1007 2419 1060 2455 usi
1085 2425 1182 2454 erant
1214 2419 1363 2467 imagine
1394 2425 1430 2455 et
1454 2419 1568 2468 effigie
1593 2420 1749 2457 tumulos

311 2489 490 2526 ornabant.
540 2492 586 2526 Ut
610 2490 646 2525 in
676 2488 890 2525 Archimedis
917 2488 1070 2537 sepulcro
1095 2494 1168 2524 erat
1204 2501 1224 2521 α
1239 2487 1423 2524 columella
1447 2488 1484 2523 in
1520 2501 1589 2538 qua
1613 2489 1748 2525 inerant

312 2558 470 2607 sphaerae
494 2557 607 2606 figura
631 2563 666 2592 et
691 2556 864 2605 cylindri'’
914 2557 979 2592 Cic.
1004 2559 1100 2591 Tusc.
1121 2558 1173 2600 V,
1199 2558 1256 2592 23.
1282 2558 1339 2591 65.
1366 2569 1396 2591 v.
1433 2560 1472 2592 A.
1494 2559 1527 2592 P.
1553 2559 1638 2602 Vll,
1663 2560 1745 2594 338.

314 2629 395 2663 420.
422 2629 506 2662 445.
538 2626 577 2663 οἱ
614 2626 647 2661 δ’
672 2625 738 2662 ἐπὶ
773 2625 900 2675 τύμβῳ
932 2626 1105 2674 μανυταὶ,
1131 2623 1263 2669 τέχνας
1295 2625 1527 2673 δουροτόμοι
1563 2624 1750 2667 πελέκεις.
1787 2615 1789 2617 ¹

313 2699 393 2732 505.

465 2764 525 2813 Τῷ
547 2769 675 2815 yetus&
698 2764 894 2812 Πελάγωνι
919 2763 1041 2812 πατήρ
1065 2761 1230 2808 ἐπέθηκε
1253 2764 1445 2803 Μενίσκος

560 2836 697 2883 κύρτον
727 2835 791 2870 καὶ
818 2832 947 2870 κώπαν
971 2835 1100 2881 μνᾶμα
1124 2831 1333 2873 κακοζοῒας.
