1794 3412
634 292 692 302 -
729 270 816 331 139,
843 292 903 302 --

6 399 7 402 ’
40 398 90 442 In
123 395 377 454 Grinagorae
416 396 719 454 epigrammate
764 393 894 438 codex
938 399 998 438 vs.
1033 395 1072 438 1.
1120 389 1330 446 ἕναγκοές,
1380 393 1495 453 quod

39 477 83 521 in
125 474 300 528 ἐνέγκας
339 484 562 520 mutarunt
601 475 802 522 editores.
881 474 1094 536 Equidem
1135 475 1268 520 malui
1309 474 1498 528 ἔνεγκών.

43 557 114 603 Vs.
144 560 188 602 4.
220 556 450 611 ὁμωνυμίαν
476 572 525 601 ex
558 555 855 601 emendatione
893 558 1138 601 restitutum
1170 565 1234 601 est
1270 571 1351 616 pro
1381 553 1499 599 codi-

0 635 2 677 [
37 638 97 681 cis
129 637 345 683 lectione:
391 638 612 695 ὅμωνυμίη.
675 637 890 682 Similiter
918 638 1058 696 Anyte
1103 638 1155 683 A.
1191 638 1239 683 Ρ.
1266 637 1355 690 Vl,
1395 639 1496 680 153.

0 714 2 754 3
39 718 329 774 Ἀριστοτέλης
353 743 414 752 -
438 718 594 775 γενέτα
623 718 754 764 ταύτὸ
781 719 927 773 λαχὼν
951 717 1093 782 ὄνομα.
1127 719 1231 764 206.
1265 720 1310 763 9.
1343 716 1498 775 πατρὸς

0 789 2 792 ’
39 798 348 853 Ἀριστοτέλους
374 799 672 853 συνομώνυμος.

96 879 262 923 Pariter
302 880 551 923 muneribus
590 879 634 922 in
670 881 848 922 deorum
876 878 1066 938 ,templis
1113 878 1321 922 dedicatis
1355 894 1377 922 a
1402 893 1499 922 mu-

0 989 1 995 1
35 959 212 1003 lieribus
237 961 460 1019 puerperis
484 967 527 1002 et
551 958 734 1003 feliciter
751 958 972 1003 'infantem
998 959 1157 1010 enixis,
1190 958 1242 1003 de
1269 973 1356 1019 quo
1380 973 1500 1003 more

35 1054 76 1085 v.
117 1038 264 1084 Schol.
312 1041 395 1100 Ap.
438 1038 521 1084 Rh.
550 1040 601 1089 1,
636 1040 740 1084 288.
783 1039 925 1083 λύουσι
967 1028 1054 1087 τάξ
1087 1037 1214 1092 ζώνας
1249 1038 1283 1082 οἱ
1332 1039 1498 1094 πρώτως

33 1119 247 1164 τίκτουσαι
285 1121 354 1164 καὶ
397 1119 660 1165 ἀνατιθέασιν
700 1119 924 1174 Ἀρτέμιδι.
992 1119 1116 1162 Ὅθεν
1154 1118 1224 1162 καὶ
1267 1119 1500 1174 Λυσιζώνου

37 1201 271 1255 Ἀρτέμιδος
299 1202 400 1256 ἱερὸν
423 1202 466 1245 ἐν
499 1201 715 1252 Ἀθήναις,
751 1200 1050 1259 inscriptiones
1079 1201 1122 1243 in
1162 1199 1319 1242 tabulis
1348 1201 1500 1243 votivis

37 1283 248 1342 appositas
300 1282 428 1327 fuisse
471 1292 802 1327 consentaneum
851 1290 944 1333 est,
988 1295 1169 1340 quarum
1213 1281 1405 1341 exempla
1451 1296 1499 1324 ex

36 1361 324 1422 Anthologiae
360 1363 477 1407 libro
516 1370 630 1407 sexto
657 1377 886 1423 apponam.
951 1363 1013 1406 Ex
1046 1361 1128 1405 hoc
1155 1377 1309 1421 genere
1344 1362 1500 1407 Leoni-

37 1442 116 1487 dae
147 1444 368 1487 Tarentini
390 1452 491 1488 sunt
518 1444 706 1487 carmina
731 1443 808 1487 Vl.
842 1458 881 1486 c.
913 1444 1016 1487 200.

159 1527 234 1569 Ἐκ
257 1524 408 1574 τόκου,
441 1525 641 1575 Emeum
658 1556 670 1574 ‚
704 1523 853 1578 πικρὰν
880 1522 1001 1566 ὠδῖνα
1029 1526 1231 1578 Φυγοῦσα

277 1606 507 1660 ’Λμβροσίη
538 1608 703 1649 κλεινῶν
732 1603 887 1656 θήκατὸ
917 1620 978 1647 σοι
1005 1604 1081 1658 πρὸ
1111 1603 1242 1647 ποδῶν

156 1685 293 1739 δεσμὰ
324 1685 458 1739 κόμας
485 1686 554 1730 καὶ
587 1685 747 1729 πέπλον
765 1718 777 1734 ,
811 1686 882 1740 ἐφ’
907 1682 937 1740 ᾧ
963 1684 1121 1739 δεκάτῳ
1143 1684 1199 1728 ἐνὶ
1226 1685 1323 1737 μηνὶ

271 1766 411 1810 δισσὸν
434 1765 512 1810 ὑπὸ
544 1765 666 1820 ζώνης
698 1768 798 1818 κῦμ’
825 1765 1026 1820 ἐλόχευσε
1057 1766 1206 1810 τέκνων
1223 1797 1235 1815 ,

39 1855 81 1891 et
112 1861 151 1892 c.
181 1848 284 1892 202.

155 1927 388 1971 Εὐθύσανον
414 1927 538 1981 ζώνην
559 1943 620 1970 τοι
644 1928 744 1980 ὁμοῦ
772 1927 842 1970 καὶ
868 1926 983 1970 τόνδε
1010 1926 1220 1970 aaronem

275 2006 414 2056 Ἀτθὶς
445 2006 661 2061 παρθενίων
690 2009 806 2057 θῆκεν
838 2009 1016 2061 ὑπερθε
1047 2009 1224 2063 θυρῶν,

156 2089 201 2130 ἐκ
231 2087 380 2137 τόκου,
414 2086 442 2130 ὦ
474 2089 616 2137 Λητωί
633 2122 646 2137 ,
678 2088 958 2142 βαρυνομένης
982 2086 1044 2132 ὅτι
1073 2088 1194 2138 νηδὺν

38 2248 88 2291 In
115 2248 267 2307 prioris
306 2250 620 2308 epigrammatis
654 2264 712 2291 vs.
744 2252 788 2294 3.
822 2249 952 2292 codex
980 2247 1022 2292 ἐν
1047 2246 1103 2304 ᾧ,
1137 2249 1254 2309 quod
1291 2252 1334 2294 in
1372 2266 1495 2310 supe-

40 2328 223 2372 rioribus
263 2328 499 2372 emendavi.
566 2328 686 2386 Quod
731 2338 845 2373 recte
877 2330 1036 2373 factum
1068 2345 1156 2374 esse
1186 2332 1326 2389 arguit
1355 2330 1418 2375 ὅτι
1453 2332 1494 2374 in

37 2410 172 2454 altero
205 2410 417 2460 carmine,
453 2418 499 2452 ut
531 2418 572 2452 et
598 2407 743 2452 οὕνεκα
778 2411 819 2453 in
860 2409 1081 2455 Phaedimi
1128 2411 1209 2470 Ep.
1244 2413 1292 2456 A.
1324 2411 1372 2457 Ρ.
1404 2413 1493 2464 VI,

42 2492 143 2535 271.

151 2572 330 2624 ’Ἄρτεμι
349 2605 360 2620 ,
396 2571 454 2613 σοὶ
487 2571 545 2613 τὰ
574 2571 724 2614 πέδιλα
751 2572 949 2625 Κιχησίου
981 2571 1120 2616 εἵσατο
1152 2574 1233 2622 υἱὸς

275 2650 344 2694 καὶ
377 2650 547 2694 πέπλων
574 2651 712 2702 ὀλίγον
740 2652 924 2704 πτύγμα
956 2653 1254 2706 Θεμιστοδίκη,

157 2730 300 2775 οὕνεκα
332 2733 365 2774 οἱ
395 2737 541 2785 πρηεῖα
572 2738 698 2786 λεχοῖ
726 2732 869 2781 διο-σας
903 2734 1129 2788 ὑπερέσχες

274 2819 419 2868 χεῖρας
447 2812 546 2867 ἄτερ
578 2813 696 2864 τόξου
724 2814 870 2857 πότνια
903 2816 1130 2867 νισσομένη.

45 2889 148 2934 Nam
191 2894 256 2946 ἐφ’
286 2891 312 2946 ᾧ
343 2894 452 2938 idem
485 2895 597 2952 quod
632 2893 691 2937 ἔτι
724 2904 763 2938 et
797 2894 940 2939 οὕνεκα
972 2897 1195 2953 significat.
1263 2896 1311 2940 In
1346 2898 1495 2941 inscri-
