1794 3412
877 226 1142 264 —344w

416 343 478 386 δεῖ
504 344 586 396 γὰρ
612 345 719 394 μήτε
751 349 882 386 πονεῖν
913 344 953 386 ἐν
982 343 1186 398 οὶθύρμασι
1216 345 1322 395 μήτε
1353 362 1391 387 τι
1422 346 1579 402 παΙζειν

532 423 574 464 ἐν
605 423 779 477 σπουδῇ·
810 424 930 477 καιρῷ
962 423 996 470 δ’
1026 422 1102 470 ἴσθι
1134 422 1265 475 νέμειν
1295 425 1342 467 τὸ
1370 424 1532 477 πρέπον.

356 501 402 544 P.
433 504 504 544 33.
541 503 614 548 28.
655 502 918 560 scriptiones.
954 502 1004 546 C.
1036 502 1347 560 inscriptiones.
1734 552 1737 555 ,

355 602 415 610 —
442 585 515 626 35.
549 584 621 625 26.
662 582 841 633 λήσομαι
871 580 984 624 haud
1013 580 1142 624 dubie
1168 589 1443 638 corruptum,
1475 555 1545 624 sed
1576 582 1628 627 de
1658 595 1727 624 ao-

300 659 402 704 risto
435 659 650 712 ἑλησοὶμην
686 675 788 704 num
828 661 965 719 poetis
997 661 1039 702 in
1078 675 1155 705 usu
1195 660 1324 705 fuerit
1354 660 1549 703 dubitare
1584 660 1728 705 Cobe-

298 745 386 784 tum
418 738 556 783 video.
620 738 729 783 Mihi
749 738 924 782 ‘nullum
956 739 1045 802 eiqs
1071 738 1309 797 exemplum
1341 737 1391 781 ad
1419 753 1590 780 manum
1619 746 1697 783 est·

354 817 402 859 Ρ.
435 819 505 862 41.
544 821 612 862 13.
646 816 894 864 Archilochi
916 817 1101 860 carmina
1127 816 1310 874 elegiaca
1337 825 1582 874 argumento
1610 815 1731 858 valde

297 895 437 943 affinia
477 895 603 938 fuisse
643 894 795 941 Canini
833 903 875 939 et
914 896 1082 952 Tyrtaei
1115 894 1372 937 carminibus
1409 893 1659 951 intelligitur
1682 908 1730 936 ex

295 974 386 1016 aliis
427 974 673 1032 fragmentis
711 990 821 1032 quae
861 973 913 1017 ad
944 988 1008 1017 res
1040 973 1212 1020 bellicas
1241 980 1432 1030 spectant
1467 982 1510 1016 et
1550 971 1730 1019 disticho

295 1052 405 1111 apud
435 1054 665 1111 Bergkium
697 1054 751 1097 fr.
780 1053 818 1097 I.
850 1067 934 1110 quo
959 1051 1012 1094 de
1043 1066 1111 1094 se:

412 1132 645 1188 ἀμφότερον
676 1131 855 1186 θεράπων
882 1129 1206 1186 μὲνἘνυοιλΙοιο
1236 1128 1412 1178 ἄνοικτος

529 1211 597 1254 καὶ
629 1210 820 1258 Μουσέων
851 1209 991 1263 ἐρατὸν
1021 1209 1135 1262 δῶρον
1165 1206 1449 1260 ἐπιστάμενος.

295 1291 348 1340 Et
389 1290 563 1333 fortasse
590 1289 690 1333 hinc
716 1288 990 1349 repetendum
1019 1287 1133 1346 quod
1171 1287 1358 1331 animum
1385 1301 1505 1331 suum
1538 1287 1580 1328 in
1620 1284 1731 1328 cala·-

293 1369 438 1412 mitate
475 1369 705 1412 domestica
738 1368 1035 1414 robustiorem‘
1055 1366 1177 1412 finxit
1205 1374 1248 1409 et
1274 1381 1295 1412 a
1324 1365 1441 1412 luctu
1470 1364 1654 1408 alienum
1687 1365 1728 1410 in

293 1448 479 1490 carmine
520 1447 704 1505 elegiaco
748 1447 868 1490 cuius
909 1452 1203 1503 argumentum
1246 1442 1417 1486 uberius
1443 1427 1641 1486 'enarravi
1682 1458 1729 1501 p.

295 1528 486 1571 38—41.
550 1527 624 1587 Ex·
641 1526 790 1571 eodem
817 1526 1002 1571 carmine
1027 1524 1213 1582 elegiaco
1235 1521 1410 1566 ductum
1434 1530 1496 1567 est
1521 1523 1732 1581 fragmen-

295 1614 385 1648 tum
429 1605 470 1646 in
508 1603 654 1649 Schol.
689 1605 771 1663 Ap.
819 1603 902 1648 Rh.
927 1603 975 1654 Ι,
1009 1603 1112 1647 824.
1156 1599 1420 1653 θεσσάμενοι
1459 1601 1506 1651 ἐξ
1533 1602 1731 1652 αἰτήσεως

291 1683 607 1736 ἀναλαβόντες,
638 1684 908 1734 αἰτήσαντες·
940 1681 1157 1763 θέσσασθαι
1188 1697 1272 1735 γαρ
1301 1681 1349 1724 τὸ
1379 1681 1546 1731 αἰτῆσαι
1561 1681 1630 1724 καὶ
1651 1681 1732 1724 ἷκε

292 1766 461 1806 τεῦσαι·
493 1778 561 1805 και
591 1762 864 1815 Ἀρχίλοχος·

413 1841 582 1885 πολλα
611 1841 653 1883 δ’
685 1839 1007 1892 ε’ΰπλοκαμου
1038 1844 1181 1890 πολιῆς
1215 1838 1315 1887 αλὸς
1342 1839 1383 1882 ἐν
1413 1837 1646 1889 πελαγεσσι

532 1917 771 1969 θεσσάμενοι
802 1919 998 1971 γλυκερὸν
1028 1917 1178 1961 νόστον.

294 2000 343 2043 In
361 2013 446 2056 quo
470 1997 578 2044 male
604 1995 875 2039 Thierschius
896 1995 1079 2041 coniecit
1103 1995 1361 2046 ἐϋπλοιμοις,
1393 2006 1546 2053 quum·
1539 1963 1604 2038 »de
1627 1995 1733 2038 mari

292 2076 490 2136 procellis
534 2075 691 2133 agitato
731 2088 867 2116 sermo
911 2074 981 2116 sit.
1055 2072 1177 2128 Quod
1221 2071 1418 2129 equidem
1465 2072 1731 2119 scribendum

295 2172 382 2199 esse
411 2155 599 2198 conieci:

530 2230 722 2283 Παλλάδ’
754 2230 1016 2282 ἐϋπλόκαμον
1032 2255 1092 2262 -—
1107 2228 1366 2280 θεσσάμενοι,

295 2315 351 2358 cl.
386 2313 510 2355 Hom.
545 2311 713 2362 11.v1,
746 2311 847 2353 380.
882 2309 934 2352 de
961 2309 1175 2353 Minerva·
1210 2307 1472 2360 ἐϋπλόκαμον
1498 2277 1624 2357 δεινην
1650 2308 1734 2354 θεὸν

293 2391 561 2441 ἱλασκονται
610 2387 971 2447 interpretandum
1004 2396 1109 2446 puto
1155 2387 1206 2430 de
1238 2389 1375 2431 nautis
1414 2386 1648 2445 provolutis
1681 2388 1731 2430 ad

293 2487 428 2530 genua
471 2467 649 2513 Palladii
692 2469 733 2510 in
781 2467 915 2524 puppi
956 2467 1070 2518 navis
1107 2466 1320 2514 collocati.
1400 2465 1555 2514 Confer
1602 2465 1727 2510 Ovid.

293 2552 420 2595 Trist.
449 2550 495 2599 I,
534 2550 602 2592 10..
642 2550 679 2590 1.

413 2630 487 2672 Est
515 2626 619 2670 mihi
646 2626 785 2683 sitque
818 2640 965 2682 precor
996 2627 1124 2668 flavae
1157 2625 1286 2668 tutela
1318 2625 1528 2670 Minervae

529 2708 644 2749 navis
672 2715 714 2749 et
741 2721 761 2754 a
789 2706 902 2764 picta
932 2705 1090 2752 casside
1120 2719 1269 2752 nomen
1301 2703 1428 2751 habet
1447 2736 1458 2755 ‚

294 2787 354 2838 ib,
388 2801 447 2847 vs,
483 2788 549 2835 ll.-

1790 113 1794 157 ...Mr
1782 0 1794 100 ..vu-...ni
