1794 3412
634 279 904 320 —209—

278 402 410 455 ζωνίον
442 401 487 451 ἐξ
517 401 665 444 ἀνθέων
691 402 898 450 ποικίλον,
933 398 961 443 ὦ
989 401 1161 456 Παφίη.

90 507 99 516 -
157 483 320 538 χρύσεα
346 482 572 537 γράμματ’
599 483 718 537 ἔχον·
751 482 883 526 διόλου
905 483 939 525 δ’
959 482 1227 536 ἐγέγραπτο·
1258 480 1377 536 Φίλει
1403 497 1459 534 με

277 563 348 606 καὶ
380 566 439 615 μὴ
472 564 656 618 λυπηθῇς
683 564 730 614 ἥν
755 578 818 612 τις
850 562 930 620 ἔχῃ
955 564 1003 616 μ’
1029 560 1175 617 ἕτερος.

38 642 88 686 In
129 642 211 686 hoc
248 645 552 702 epigrammate
599 643 708 686 nihil
759 653 1047 703 corruptum,
1096 643 1167 686 sed
1209 657 1362 702 parum
1406 650 1506 702 apte

38 738 98 768 vs,
128 728 171 769 3.
204 725 435 768 iunxerunt
466 725 720 783 interpretes
742 724 875 768 διόλου
906 724 1175 779 ἐγέγραπτο,
1210 738 1346 783 quum
1369 721 1506 767 διόλου

35 804 296 864 iungendum
325 807 380 849 sit
414 821 512 849 cum
556 805 685 849 verbo
721 805 857 860 φίλει.
922 807 1087 849 Pariter
1115 821 1200 850 non
1236 805 1503 850 intellectum

34 893 98 928 est
126 887 385 945 epigramma
417 886 604 929 eiusdem
636 894 788 944 poetae
822 885 905 929 XII
925 919 936 937 ‚
975 889 1076 930 162.

157 965 286 1009 Οὔπω
318 964 544 1020 τοξοφορῶν
575 965 657 1008 οὐδ’
686 964 824 1019 ἄρκιος
850 965 971 1008 ἀλλὰ
997 965 1160 1016 νεογνὸς

270 1046 392 1098 οὑμὸς
419 1044 513 1099 ἔρως
546 1044 663 1099 παρα
693 1046 768 1095 τὴν
799 1044 955 1099 Κύπριν
986 1043 1296 1100 ὑποστρέφεται

154 1126 296 1170 δέλτον
322 1125 432 1180 ἔχων
461 1125 641 1181 χρυσέην
659 1141 670 1149 ·
701 1126 760 1169 τὰ
788 1125 1059 1180 Φιλοκράτεος
1090 1125 1133 1169 δὲ
1161 1123 1348 1172 Διαύλου

274 1205 484 1261 τραυλίζει
509 1210 655 1260 ψυχῆς
681 1206 844 1262 φίλτρα
874 1206 945 1249 καὶ
973 1204 1250 1259 Ἀντιγένους.

37 1286 115 1346 1²⁸*
140 1286 412 1331 scribendum
456 1286 539 1330 hoc
586 1301 756 1330 carmen
806 1296 930 1346 puto,
997 1288 1068 1330 Vs.
1106 1290 1147 1333 1.
1193 1286 1325 1331 codex
1360 1285 1502 1342 ἄριος,

35 1366 151 1426 quod
189 1368 234 1410 in
267 1365 376 1421 ὥριος
408 1375 629 1411 mutarunt
664 1367 884 1411 Iacobsius
925 1375 968 1411 et
999 1368 1286 1413 Hermannus.
1351 1367 1425 1412 Vs.
1458 1370 1506 1413 2.

34 1448 305 1491 membranae
333 1446 614 1503 ὑποτρέφεται
642 1446 756 1506 quod
783 1463 831 1490 ex
863 1447 1032 1490 duobus
1058 1447 1314 1507 apographis
1339 1447 1383 1491 in
1408 1449 1504 1492 ὑπο·

35 1524 263 1583 στρέφεται
305 1529 489 1571 mutavit
528 1528 812 1579 Hermannus.
877 1528 998 1571 Idem
1048 1545 1109 1572 vs.
1142 1532 1187 1573 3.
1222 1529 1408 1573 coniecit
1444 1529 1504 1573 τοὶ

35 1607 307 1663 Φιλοκράτεος
334 1608 376 1651 δὲ
410 1607 461 1651 δι’
492 1609 652 1658 αὐτῆς,
686 1607 757 1651 sed
787 1607 964 1650 Diaulus
990 1615 1054 1652 est
1086 1609 1166 1651 viri
1195 1623 1352 1653 nomen
1373 1641 1385 1661 ,
1421 1624 1505 1653 cu·

35 1690 100 1733 ius
126 1689 241 1732 filius
279 1688 561 1733 Philocrates.
633 1688 702 1733 Vs.
734 1691 776 1732 4.
817 1687 950 1732 codex
980 1690 1128 1743 ψυχή,
1164 1697 1207 1733 et
1237 1692 1335 1733 κατ’
1365 1691 1504 1734 Ἀντι-

30 1769 189 1822 γένους.
222 1769 336 1814 Illud
363 1770 407 1813 in
433 1772 580 1824 ψυχῆς
603 1776 815 1812 mutatum
843 1786 864 1812 a
891 1768 1100 1813 salmasio
1123 1770 1335 1829 probante
1359 1771 1501 1815 Brun—

32 1851 132 1895 ckio
149 1833 280 1903 ,⁰hoc
306 1849 588 1894 emendarunt
614 1849 834 1894 Iacobsius
865 1859 908 1894 et
939 1850 1149 1896 Graefius.
1181 1852 1401 1896 Iacobsius
1427 1867 1503 1895 au·

29 1932 121 1974 *tem
163 1931 325 1989 scripto
362 1936 490 1986 Ψυχῇ
529 1930 928 1989 interpretationem
974 1930 1095 1974 dedit
1134 1930 1276 1976 hanc:
1322 1935 1503 1977 »Amor

35 2010 215 2071 pusillus
239 2010 341 2054 dum
366 2010 479 2070 apud
506 2008 699 2070 Psychen
730 2010 971 2068 magistram
994 2009 1134 2069 legere
1159 2011 1312 2062 discit.
1346 2013 1387 2057 ei
1414 2029 1500 2059 non

34 2091 77 2135 id
115 2090 230 2151 quod
268 2099 332 2135 est
366 2091 411 2134 in
452 2090 769 2151 pugillaribus,
819 2090 892 2134 sed
938 2091 1220 2150 pulchrorum
1262 2107 1497 2152 puerorum

32 2173 204 2216 nomina
245 2171 435 2214 balbutit
472 2180 515 2214 et
553 2171 827 2215 illecebras.''
892 2172 1162 2216 Hermannus
1206 2188 1306 2217 vero
1334 2183 1500 2219 servato

33 2253 130 2295 κατ’
160 2249 421 2303 Ἀντιγένους
453 2250 566 2293 hanc
600 2259 752 2309 poetae
783 2259 968 2294 mentem
999 2252 1126 2295 fuisse
1156 2255 1325 2312 putavit
1357 2271 1386 2298 >›
1403 2256 1500 2299 Bal·

34 2333 205 2376 butiens
239 2330 300 2373 ait
329 2330 461 2374 Amor
499 2329 790 2374 Philocratem
814 2346 956 2375 meum
977 2364 989 2384 ,
1023 2333 1276 2392 Antigonia,
1310 2335 1501 2380 animum

22 2427 175 2456 ,amore
218 2411 395 2455 urere.’'
476 2411 558 2467 Qui
600 2410 706 2454 adeo
750 2411 832 2453 hoc
878 2412 1138 2470 epigramma
1181 2429 1230 2456 ex
1275 2414 1500 2474 Antigenis

35 2508 212 2552 persona
244 2493 453 2550 scriptum
478 2492 555 2536 ait.
617 2490 702 2535 Sed
730 2491 1001 2551 Asclepiades
1026 2493 1134 2536 dicit
1159 2509 1348 2541 amorem
1371 2511 1498 2540 suum

34 2587 119 2632 quo
148 2580 221 2616 aut
244 2571 532 2615 Philocratem
563 2580 637 2614 aut
661 2572 922 2630 Antigenem
946 2574 1178 2633 complecti
1203 2586 1402 2635 coeperat
1430 2593 1500 2621 re-

35 2663 200 2698 centem
235 2662 279 2697 et
325 2651 404 2695 sub
445 2653 534 2711 ipsa
569 2653 692 2695 initia
725 2662 937 2696 moratum
968 2653 1019 2698 ad
1063 2662 1242 2699 matrem
1278 2659 1501 2703 revertisse

35 2734 292 2793 puerulum,
340 2747 474 2791 quum
519 2733 797 2792 comperisset
834 2729 1120 2778 Philocratem
1159 2744 1204 2779 et
1240 2738 1495 2796 Antigenem

34 2823 184 2860 mutuo
214 2830 257 2859 se
295 2815 479 2858 invicem
513 2826 690 2865 amare,'
720 2829 843 2857 suum
878 2815 1009 2872 igitur
1044 2831 1232 2860 amorem
1255 2815 1357 2861 hoc
1385 2821 1497 2866 facto

1136 2896 1190 2938 14
