1794 3412
940 289 1172 329 ...20-

348 411 555 456 Historiae
587 409 685 452 huic
727 406 904 450 fabulari
936 408 1187 452 enarrandae
1219 408 1260 450 in
1298 409 1596 466 epigrammate
1631 411 1770 454 nullus

343 489 475 533 locus.
534 486 618 532 Sed
659 484 937 530 Callimachus
973 494 1062 529 erat
1098 485 1338 537 Battiades,
1370 487 1482 531 Batti
1509 489 1620 532 filius
1640 521 1651 541 ,
1685 504 1767 547 qua

344 565 613 623 homonymia
652 578 747 606 usus
786 564 871 606 sive
901 563 1040 622 potius
1067 563 1219 606 abusus
1256 571 1319 607 est
1359 563 1606 623 Apollonius
1637 575 1686 610 ut
1724 569 1766 610 in

345 641 650 688 Callimachum
680 640 900 684 maledicta
932 641 1140 700 ingereret
1170 643 1296 700 eique
1320 642 1508 688 fraudem
1535 645 1767 704 exprobra-

341 730 420 770 ret.
483 720 548 764 Ad
575 719 686 764 idem
713 719 943 763 carminum
973 735 1103 779 genus
1140 720 1357 765 referenda
1387 729 1486 765 sunt
1510 722 1766 766 Dioscuridis

338 801 637 859 epigrammata
667 799 722 844 A.
751 799 798 842 Ρ.
827 798 913 849 xl,
946 801 1032 842 363
1062 807 1105 843 et
1141 802 1221 843 195
1239 831 1252 851 ‚
1284 798 1354 842 sed
1386 799 1600 858 aliquanto
1632 800 1767 844 lenius

337 886 400 921 est
430 878 683 937 epigramma
714 875 828 936 quod
863 876 1093 936 Sophocles
1134 878 1177 920 in
1212 878 1359 937 vulgus
1396 877 1554 931 edidit,
1599 877 1765 922 ulturus

337 955 551 1016 Euripidis
576 955 750 999 dicteria
770 985 781 1006 ,
810 955 880 997 cui
911 956 1126 999 materiem
1152 956 1339 999 iocorum
1370 956 1620 1015 praebuerat
1647 957 1762 1016 quod

335 1034 466 1094 pallio
510 1042 703 1092 surrepto
730 1048 753 1075 a
791 1047 923 1092 puero
953 1048 1135 1092 quocum
1167 1048 1256 1077 rem
1300 1033 1504 1078 habuerat
1525 1067 1537 1086 ‚
1578 1036 1762 1078 seminu-

334 1113 412 1156 dus
442 1112 666 1156 destitutus
701 1119 823 1156 esset.
887 1111 949 1154 De
986 1126 1072 1170 quo
1103 1112 1385 1170 Hieronymus
1417 1111 1609 1155 Rhodius
1648 1113 1761 1172 apud

333 1190 491 1235 Athen.
521 1191 651 1243 XIII,
696 1193 766 1234 82.
809 1190 828 1232 ὄ
864 1192 1080 1243 Σοφοκλῆς
1119 1189 1300 1239 ἀκούσας
1339 1190 1522 1239 ἐποίησεν
1555 1191 1612 1240 είς
1637 1191 1762 1234 αὐτὸν

331 1272 505 1312 τοιοῦτον
534 1270 785 1323 ἐπίγραμμα
813 1266 1070 1322 χρησάμενος
1103 1269 1160 1322 τῷ
1198 1268 1287 1322 περὶ
1312 1270 1384 1311 τοῦ
1418 1268 1557 1312 Ἡλίου
1592 1269 1662 1312 καὶ
1689 1277 1759 1313 Bo-

330 1347 416 1400 ρέου
451 1347 577 1401 λόγῳ,
609 1347 679 1391 καὶ
706 1348 753 1391 τὸ
787 1347 883 1401 πρὸς
916 1347 1108 1400 μοιχείαν
1140 1347 1268 1390 αὑτοῦ
1297 1345 1655 1400 παραινιττόμενος
1675 1362 1686 1372 ·

446 1427 587 1475 ’Ἥλιος
609 1426 654 1477 ἦν
671 1459 684 1476 ,
716 1427 760 1469 οὗ
787 1430 887 1474 παῖς
904 1457 918 1474 ,
949 1424 1167 1479 Εὐριπίδη,
1199 1423 1242 1473 ὅς
1266 1441 1321 1477 με
1346 1425 1544 1479 χλιαίνων

565 1504 722 1556 γυμνὸν
751 1504 959 1552 ἐποίησεν·
990 1502 1050 1545 σοὶ
1082 1502 1123 1545 δὲ
1149 1505 1332 1557 φιλοῦνθ’
1358 1502 1497 1556 ἑτέραν

446 1582 590 1634 Βορρᾶς
616 1581 799 1632 ὡμίλησε
815 1595 826 1605 ·
857 1581 908 1623 σὺ
932 1580 967 1624 δ’
988 1581 1032 1623 οὗ
1059 1580 1184 1634 σοφὸς
1214 1578 1256 1628 ὃς
1279 1580 1348 1623 τὸν
1366 1582 1530 1634 Ἔρωτα
1547 1613 1559 1630 ,

562 1660 785 1714 ἀλλοτρίαν
814 1659 1030 1713 σπείρων
1047 1691 1059 1707 ,
1088 1657 1322 1707 λωποδύτην
1346 1658 1544 1711 ἀπάγεις.

330 1737 632 1782 Commentarii
674 1738 805 1781 vicem
843 1746 986 1781 tenent
1016 1737 1262 1793 Hieronymi
1296 1737 1420 1786 verba
1460 1753 1567 1797 quae
1595 1738 1755 1797 integra

328 1817 526 1874 apposuit
551 1815 805 1860 Athenaeus.
848 1815 929 1860 Sed
956 1829 1008 1858 ne
1032 1813 1097 1857 vel
1121 1815 1180 1858 sic
1207 1814 1378 1873 quidem
1404 1831 1523 1859 verus
1547 1818 1758 1876 epigram·

325 1895 448 1937 matis
465 1908 604 1937 sensus
621 1902 802 1952 apertus.
835 1894 906 1938 Vs.
927 1897 952 1937 4
983 1892 1276 1951 corrigendum
1300 1902 1388 1938 est:
1422 1898 1576 1948 πειρῶν.
1627 1896 1753 1939 Euri·

326 1971 468 2031 pidem
486 1972 599 2016 enim
625 1986 791 2015 uxorem
809 1971 988 2016 alienam
1017 1979 1193 2014 tentasse
1210 1971 1404 2029 quidem,
1438 1972 1508 2015 sed
1535 1973 1620 2016 voti
1639 1988 1756 2017 com·

325 2057 468 2108 potem
497 2050 654 2094 factum
686 2065 768 2094 non
801 2066 888 2094 esse
908 2083 920 2102 ‚
954 2050 1202 2108 intelligitur
1229 2064 1276 2093 ex
1308 2065 1366 2095 vs.
1395 2053 1422 2094 3
1455 2050 1528 2093 ubi
1559 2051 1753 2110 Euripidi

323 2144 463 2172 amore
486 2129 679 2188 flagranti
707 2143 789 2172 non
815 2129 965 2173 leniter
991 2127 1157 2188 placida
1184 2128 1323 2172 Venus
1349 2129 1507 2172 afflasse
1526 2161 1538 2181 ‚
1570 2128 1640 2172 sed
1673 2130 1750 2173 fri-

322 2207 558 2266 gidissimus
591 2216 734 2250 ventus
758 2208 911 2252 Boreas
939 2206 1135 2251 adversus
1164 2208 1392 2251 occurrisse
1421 2207 1590 2252 dicitur.
1638 2208 1752 2253 Ulti-

322 2301 486 2331 morum
504 2285 633 2344 igitur
657 2300 823 2331 sensus:
860 2294 952 2330 »tu
980 2285 1107 2330 stulte
1127 2300 1223 2329 sane
1239 2317 1252 2338 ‚
1282 2286 1368 2345 ipse
1399 2285 1596 2331 furtivam
1613 2286 1750 2332 Vene-

322 2502 515 2550 Utrumque
537 2500 689 2538 versibus
712 2499 990 2549 Metamorphoses
1014 2498 1182 2548 scripsisse
1203 2498 1344 2534 coniicio
1358 2523 1370 2544 ‚
1394 2504 1436 2534 ut
1459 2498 1647 2547 Nicander,
1672 2503 1750 2538 Par·

321 2568 484 2614 thonius,
514 2571 632 2606 Nestor
661 2569 888 2606 Iar-andensis.
938 2570 982 2605 Et
1013 2568 1204 2617 Antigonus
1228 2567 1387 2613 νικήσας
1410 2566 1522 2614 ἔπος,
1555 2569 1750 2608 carminum

318 2637 429 2686 igitur
461 2636 594 2674 heroico
633 2643 743 2674 metro
778 2637 982 2687 scriptorum
1003 2643 1102 2688 poeta
1124 2636 1162 2672 in
1193 2636 1380 2673 certamine
1404 2636 1512 2672 victor
1540 2635 1644 2673 fuisse
1673 2651 1749 2688 per.

319 2705 460 2741 hibetur
483 2705 521 2741 in
551 2704 659 2742 titulo
690 2705 830 2751 Attico,
861 2708 896 2741 C.
917 2708 945 2741 1.
979 2717 1008 2741 c.
1029 2706 1127 2750 200,
1151 2705 1232 2750 14„
1265 2703 1359 2740 haud
1390 2703 1495 2741 dubie
1529 2704 1679 2742 diversus
1701 2707 1747 2743 ab

318 2774 489 2823 Antigono
521 2775 674 2824 Carystio
703 2773 810 2811 nobili
843 2773 1004 2811 Vitat-um
1027 2772 1212 2823 scriptore,
1235 2772 1336 2809 cuius
1360 2772 1444 2810 duos
1469 2785 1582 2811 versus
1610 2786 1649 2811 ex
1673 2786 1747 2812 car·

319 2842 412 2880 mine
433 2844 612 2893 Antipatro
635 2843 755 2880 ductos
779 2842 930 2881 laudavit
955 2842 1147 2879 Athenaeus
1169 2844 1244 2886 111,
1271 2843 1315 2877 82
1341 2843 1375 2876 B.
