1794 3412
655 227 889 265 ...41-

168 351 311 394 “roim-a
343 351 460 398 πόνος
488 349 633 403 τεύχει
661 350 814 398 θνητοῖς
839 348 996 400 μελέτη
1030 364 1075 390 τε
1107 347 1294 400 &pos-sin,

49 433 91 476 in
118 433 239 475 cuius
266 433 351 475 fine
374 431 503 474 lectio
538 432 698 473 incerta
728 428 911 473 necdum
940 426 1161 472 emendata
1187 436 1267 470 est.

0 495 1 510 Ξ
111 512 271 570 Quodsi
303 514 437 572 ipsam
469 509 719 556 Archilochi
746 519 930 554 mentem
962 510 1003 552 in
1039 507 1291 566 hac,elegia
1334 518 1513 564 compo·

49 592 190 638 nenda
214 593 506 653 indagavimus
537 603 581 638 et
609 592 807 635 carminis
828 598 1128 650 argumentum
1157 603 1254 632 vere
1279 586 1510 631 adumbra-

51 675 188 718 vimus
205 706 219 726 ‚
265 675 441 718 minime
491 674 714 717 interitum
759 672 893 716 affinis
935 680 1009 715 aut
1045 670 1236 714 omnium
1287 669 1360 728 qui
1403 681 1511 712 nau·

48 756 232 816 fragium
266 757 375 815 passi
414 763 567 807 erant,
611 753 809 798 flebiliter
853 753 1011 796 cecinit
1051 760 1209 811 poeta,
1254 751 1324 794 sed
1366 749 1512 793 horta·

50 845 193 881 menta
223 837 392 896 scripsit
423 835 592 879 virtutis
621 833 876 892 civibusque
911 833 1131 892 praecepit
1161 840 1208 874 ut
1241 832 1343 874 forti
1369 831 1512 874 animo

50 926 189 962 essent
212 919 255 961 in
281 917 407 961 rebus
431 915 596 969 arduis,
630 914 757 974 plane
778 921 827 956 ut
851 911 1042 956 Callinus
1067 921 1110 956 et
1135 913 1357 970 Tyrtaeus.
1406 911 1513 955 Cer-

47 996 252 1043 tissimum
282 990 429 1057 itaque
459 1013 482 1040 a
513 996 633 1039 nullo
659 1004 884 1055 poetarum
905 1027 917 1047 ,
964 1008 1071 1053 quos
1113 992 1276 1052 elegiae
1318 999 1511 1035 auctores

48 1080 384 1124 ferunt-veteres
410 1074 680 1139 grammatici
700 1109 713 1127 ,
747 1076 813 1119 his
849 1076 1042 1119 numeris
1065 1075 1270 1134 scriptum
1301 1087 1389 1119 esse
1418 1087 1513 1116 car·

49 1175 144 1205 men
174 1158 440 1204 lacrimabile
462 1158 633 1202 maioris
658 1156 847 1200 ambitus
874 1157 1011 1216 iisque
1032 1154 1139 1199 adeo
1163 1155 1344 1214 elegiam
1363 1167 1512 1213 neque

50 1240 239 1286 flebilem
268 1254 410 1300 neque
436 1238 663 1299 lugubrem
692 1237 820 1282 fuisse
837 1269 850 1290 ,
881 1235 953 1280 sed
983 1235 1183 1283 bellicam
1200 1232 1244 1279 et
1261 1233 1508 1284 robustam,

20 1328 98 1370 “tut
121 1320 317 1374 Gallina,
350 1321 560 1379 Tyrtaeo,
593 1316 884 1370 Archilocho,
918 1318 962 1361 in
986 1316 1204 1388 'omnibus
1247 1314 1512 1358 carminibus

48 1401 132 1446 hoc
168 1409 306 1446 metro
341 1402 539 1460 scriptis,
581 1399 733 1445 Soloni
766 1399 811 1442 in
846 1397 1012 1457 elegia,
1041 1395 1131 1441 'cui
1159 1397 1214 1440 ab
1258 1403 1512 1455 argumento

50 1481 203 1526 titulus
239 1489 330 1525 erat
356 1481 557 1533 Σαλαμίς
576 1512 589 1528 ,
619 1488 663 1523 et
694 1493 773 1539 pro
801 1486 923 1538 parte
951 1479 1081 1522 etiam
1110 1477 1367 1522 Mimnerme
1388 1511 1400 1528 ‚
1436 1477 1513 1536 qui

51 1574 192 1607 tamen
219 1561 401 1605 maxime
429 1560 634 1603 inclaruit
660 1559 849 1618 elegiaco
876 1560 1065 1602 carmine
1092 1559 1244 1602 erotici
1273 1559 1514 1617 argumenti

50 1645 166 1688 suavi
185 1675 197 1695 ,
232 1651 408 1692 tenero,
441 1639 561 1686 molli
585 1649 628 1687 et
654 1641 829 1684 remisso
861 1640 913 1697 ¹).
960 1639 1217 1685 Mimnermo
1245 1645 1383 1683 aetate
1411 1636 1512 1698 sup·

99 1877 131 1923 ¹)
157 1875 334 1925 Imprimis
368 1875 432 1911 hoc
457 1875 530 1912 loco
568 1874 832 1911 memorandum
857 1873 983 1911 fuisset
1002 1886 1141 1911 carmen
1166 1874 1384 1923 elegiacum,
1420 1874 1513 1924 quod

42 1946 213 1983 mulieres
248 1946 427 1983 Messeniae
451 1945 488 1982 in
512 1945 678 1982 honormn
702 1945 928 1982 Aristomenis
953 1944 1235 1991 concinuerunt,
1258 1944 1288 1980 si
1317 1957 1393 1981 rem
1418 1944 1512 1980 nulli

49 2016 259 2054 dubitationi
280 2015 463 2052 obnoxiam
488 2015 675 2052 memoriae
683 1999 904 2082 ffiidisset
925 2014 1109 2051 Pausanias
1135 2015 1202 2060 IV,
1227 2017 1288 2051 16.
1315 2016 1347 2050 4.
1398 2017 1513 2065 Ἀρι-

49 2086 226 2136 σῐομὲνει
251 2085 315 2131 δὲ,
342 2085 393 2129 ὦς
426 2085 658 2135 ἀνέστρεψεν
679 2084 719 2128 ἒς
741 2086 809 2132 τήν
833 2085 1042 2122 Ἀνδανίαν
1057 2112 1069 2132 ,
1097 2087 1252 2127 ταινίας
1273 2085 1316 2123 αἱ
1337 2091 1513 2136 γυναῖκες

53 2159 119 2194 καὶ
144 2159 192 2195 τά
218 2157 342 2207 ὡραῖα
366 2155 650 2205 ἐπιβάλλουσαι
676 2157 751 2193 τῶν
782 2155 940 2202 ἀνθῶν,
967 2155 1147 2206 ἐπέλεγον
1170 2150 1278 2205 ᾆσμα
1309 2156 1355 2194 τὸ
1380 2159 1445 2196 καὶ
1471 2157 1512 2200 ἔς

55 2227 151 2276 ἡμᾶς
173 2224 236 2266 ἔτι
261 2227 479 2277 ᾀδόμενον·

152 2298 193 2340 ἔς
215 2311 256 2335 τε
279 2296 398 2346 μέσον
423 2297 560 2334 πεδίον
580 2297 867 2347 Στενυκλάριον
891 2296 931 2340 ἔς
955 2300 990 2333 τ’
1019 2296 1110 2347 ὅρος
1132 2297 1248 2348 ἄκρον

257 2368 377 2406 εἵπετ’
406 2367 686 2419 Ἀριστομένης
713 2374 797 2410 τοῖς
820 2366 1164 2417 Λακεδαιμονίοις.

51 2439 151 2487 Quod
177 2445 228 2476 est
251 2440 391 2476 maioris
417 2439 581 2476 carminis
602 2437 852 2488 fragmentum.
901 2442 978 2476 Iam
996 2438 1091 2475 enim
1115 2439 1257 2489 Tyrtaei
1279 2445 1393 2476 aetate
1419 2439 1511 2476 bello

51 2509 253 2546 uoeseniaco
277 2509 407 2554 altero,
445 2509 564 2546 eadem
590 2509 725 2545 ratione
749 2522 816 2558 qua
843 2515 959 2558 postea
982 2509 1106 2545 Critias
1128 2508 1300 2546 Alcibiadi
1326 2510 1370 2547 ab
1395 2510 1513 2546 exsilio

53 2579 204 2617 Athenas
236 2579 357 2615 victori
388 2579 550 2615 redeunti
584 2577 853 2628 gratulatorium
884 2591 1023 2615 carmen
1042 2566 1244 2629 ‘elegiacum
1275 2579 1436 2628 scripsit,
1462 2580 1512 2616 vi-

52 2650 153 2687 ctoris
190 2649 415 2686 Aristomenis
452 2648 647 2685 celebrandi
673 2648 787 2697 gratia
819 2649 1014 2685 encomium
1053 2649 1207 2685 distichis
1244 2649 1402 2698 elegiacis
1430 2651 1513 2686 scri-

54 2725 156 2768 ptum
192 2726 228 2756 et
259 2719 396 2767 publice
427 2726 614 2756 cantatum
652 2718 760 2755 fuisse
793 2725 973 2756 constaret.
1023 2722 1094 2756 Hoc
1123 2732 1202 2755 vero
1236 2726 1444 2768 argumento
1473 2722 1510 2758 in

56 2789 125 2838 ipsc
162 2789 346 2827 verborum
381 2796 543 2827 contextu
576 2789 629 2826 uti
668 2789 790 2834 nolui,
828 2803 939 2839 quum
973 2790 1078 2827 huius
1115 2790 1279 2826 carminis
1312 2791 1511 2840 scriptorem

59 2860 234 2908 aequalem
255 2860 358 2899 fuisse
383 2861 576 2898 existimem
603 2859 881 2910 Epaminondae,
910 2861 1193 2900 cuius-consiliis
1228 2861 1379 2900 Messenii
1402 2861 1443 2900 in
1468 2861 1510 2898 li·
