1794 3412
911 235 1174 276 -268—

321 352 460 396 Statio
483 354 595 397 enim
635 354 775 411 Satyri
803 368 885 396 non
915 364 1003 398 erat
1034 332 1143 398 bona
1177 370 1312 415 neque
1345 359 1442 403 felix
1473 361 1541 404 sed
1574 375 1685 404 sacra
1718 373 1761 406 et

323 440 490 482 sancta,
527 439 571 474 ut
603 446 662 476 vs.
691 433 717 473 2

560 510 644 563 ἱρὴν
668 511 885 563 παρθεσίην
911 509 1010 565 ἱερὸς
1037 512 1088 555 ὢν
1113 511 1284 566 ἔλαχον.

321 587 384 630 Ita
415 588 456 630 in
490 587 715 646 Antiphila
740 588 799 632 IX
820 621 831 641 ,
865 605 905 635 c.
933 593 1031 635 192.
1068 595 1110 634 5.

440 666 469 708 οὶ
499 666 534 709 δ’
558 666 678 721 ἑτέρα
701 669 855 721 μοχθὸν
882 669 951 712 ’τὸν
977 669 1192 718 Ὀδυσσέος
1218 670 1338 725 ἀμφί
1363 686 1410 713 τε
1437 671 1616 725 λέκτροις

557 746 732 800 χηρείοις
763 747 963 797 ἀγαθᾶς
995 746 1149 802 δάκρυσι
1179 748 1421 798 Πηνελόπας
1441 782 1452 798 ,

321 821 614 876 scribendum,
649 826 761 883 quod
795 841 961 869 morum
991 828 1219 886 Penelopes
1247 836 1362 872 erat:

855 906 991 957 ἁγνᾶς
1017 905 1171 959 δάκρυσι
1196 906 1453 956 Πηνελόποις.

320 980 382 1023 Ex
409 994 527 1023 versu
554 991 692 1025 autem
725 992 839 1026 sexto
867 999 1003 1042 neque
1039 984 1193 1027 Bacchi
1225 999 1444 1043 personam
1465 1017 1476 1036 ‚
1511 994 1557 1028 ut
1583 987 1760 1045 putabat

322 1057 547 1102 Salmasius
591 1061 642 1103 ad
679 1062 790 1105 Hist.
835 1063 945 1120 Aug.
988 1062 1238 1107 Scr.1t.11.
1280 1078 1325 1121 p.
1355 1066 1455 1107 834.
1510 1065 1760 1108 assentiente

318 1137 509 1181 Iacobsio
538 1139 702 1198 Script.
727 1140 846 1185 Misc.
881 1141 986 1185 t.lI.
1018 1156 1063 1199 p.
1093 1142 1192 1185 160.
1211 1172 1222 1192 ,
1257 1156 1393 1200 neque
1420 1142 1617 1200 Satyrum
1646 1142 1759 1201 quod

318 1216 532 1260 Iacobsius
563 1216 751 1261 defendit
790 1221 831 1260 in
862 1219 1307 1262 Animadversionibus
1340 1220 1391 1262 ad
1432 1221 1564 1265 Anth.
1601 1231 1631 1264 t.
1659 1222 1757 1266 Vll.

318 1309 364 1353 p.
391 1299 493 1340 398.
541 1296 612 1339 sed
654 1296 899 1340 choreutam
934 1298 1053 1356 loqui
1097 1297 1268 1356 collegit
1303 1299 1482 1343 Naekius
1531 1298 1689 1357 Opusc.
1720 1300 1756 1345 Ι.

317 1389 362 1432 p.
392 1377 419 1418 8
450 1390 515 1432 sq.
558 1383 600 1417 et
645 1376 687 1416 in
732 1374 810 1417 hac
851 1376 1123 1434 inscriptione
1165 1386 1206 1419 et
1244 1377 1286 1418 in
1329 1377 1460 1419 altero
1507 1378 1760 1421 Dioscuridis

321 1453 504 1496 carmine
534 1452 575 1496 in
608 1451 852 1497 Sositheum
885 1455 939 1499 A.
969 1454 1018 1499 Ρ.
1045 1454 1155 1505 vll,
1189 1456 1292 1498 707.

436 1533 559 1584 Κῆγὼ
585 1522 782 1575 Σωσιθέου
807 1532 938 1585 κομέω
965 1531 1101 1583 νέκυν,
1131 1529 1248 1575 δ’σσον
1278 1533 1319 1575 ἐν
1348 1530 1467 1575 ἄστει

555 1608 684 1660 ἄλλος
710 1612 787 1654 ἀπ’
818 1610 1027 1664 ochodiam
1058 1610 1304 1665 ἡμετέρων
1337 1615 1552 1666 Σοφοκλῆν

437 1688 604 1742 Σκίρτος
629 1690 648 1732 ὃ
673 1689 943 1743 πυρρογένειος
959 1705 968 1714 ·
1000 1689 1287 1744 ἐκισσοφόρησε
1313 1690 1396 1744 γὰρ
1421 1691 1518 1743 ὡνὴρ

551 1765 655 1818 ἄξιοι
681 1755 884 1811 Φλιασίων
911 1768 975 1810 ναὶ
1001 1768 1067 1820 μοὶ
1091 1767 1234 1822 κόρους
1261 1768 1477 1822 Σατύρων,

435 1845 539 1896 κῆμὲ
562 1845 630 1888 τὸν
655 1845 697 1888 ἐν
727 1850 876 1893 καινοῖς
901 1845 1175 1900 τεθραμμένον
1202 1847 1333 1897 ἤθεσιν
1360 1847 1432 1897 ἤδη

553 1923 716 1974 ἤγαγεν
739 1925 797 1971 εἰς
822 1924 985 1975 μνῆμήν
1008 1924 1170 1978 πατρίδ’
1198 1925 1460 1978 ἀναρχαΐσας
1478 1958 1490 1974 ,

434 2002 502 2045 καὶ
533 2000 663 2045 πάλιν
691 2002 973 2055 εἱς-ὥρμησα
1002 2002 1071 2045 τὸν
1097 2002 1248 2057 ἄρσενα
1279 2003 1422 2057 Δωρίδι
1452 2005 1596 2059 Μούσῃ

548 2079 691 2134 ῥυθμὸν
716 2078 814 2133 πρός
839 2082 878 2122 τ’
910 2080 1034 2130 αὐδὴν
1059 2081 1274 2133 ἑλκόμενος
1300 2081 1497 2133 μεγάλην
1512 2113 1524 2132 ,

432 2158 562 2202 ἑπτὰ
593 2159 643 2202 δέ
674 2174 755 2211 μοι
787 2156 934 2213 ἕρσων
963 2159 1091 2209 τύπος
1121 2162 1172 2204 οὐ
1197 2159 1307 2214 κερ)
1336 2161 1635 2213 καινοτομηθεὶς

548 2244 601 2294 τῇ
629 2238 894 2302 φιλοξιινδύνῳ
920 2239 1100 2293 φροντίδι
1131 2239 1340 2284 Σωσιθέου.

313 2316 524 2377 Equidem
563 2330 646 2361 non
687 2315 836 2360 dubito
871 2318 972 2376 quin
1011 2319 1054 2361 in
1083 2326 1265 2376 utroque
1303 2319 1489 2362 carmine
1519 2319 1638 2377 loqui
1667 2335 1752 2378 pu-

313 2396 463 2440 tandus
497 2398 550 2440 sit
575 2397 751 2455 Satyrus
769 2430 779 2448 ,
813 2397 881 2439 eui
919 2397 1044 2441 unice
1073 2399 1267 2442 convenit
1297 2397 1516 2456 epitheton
1545 2398 1644 2453 ἱερός
1668 2408 1709 2442 et
1734 2400 1753 2442 ὃ

311 2476 358 2519 ἐκ
384 2479 624 2526 Φλιοῦντος,
659 2484 706 2519 ut
732 2474 905 2530 Σάτυροι
934 2476 1119 2520 Φλιάσιοι
1146 2486 1188 2521 et
1216 2478 1352 2536 ipsum
1384 2490 1536 2521 nomen
1561 2478 1751 2532 Σκίρτος,

311 2555 410 2614 quia
449 2555 591 2612 Satyri
628 2553 850 2597 saltatione
887 2563 928 2598 et
959 2554 1123 2598 choreis
1152 2554 1502 2609 delectabantur,
1535 2557 1748 2602 v.·Nonn.

311 2632 439 2678 Dion.
466 2632 597 2684 xlv,
634 2633 731 2675 111.
776 2632 963 2678 Lobeck.
1000 2633 1206 2692 Aglaoph.
1234 2635 1295 2680 ΙΙ.
1326 2651 1370 2694 p.
1394 2638 1520 2678 1311.
1564 2635 1749 2679 Eandem

310 2721 450 2756 autem
481 2726 702 2772 personam
733 2712 962 2772 utrobique
989 2713 1106 2772 loqui
1131 2721 1297 2757 constat
1322 2729 1370 2757 ex
1399 2713 1578 2758 disticho
1611 2715 1749 2773 primo

308 2794 505 2837 carminis
547 2792 821 2851 posterioris,
856 2793 974 2836 cuius
1015 2794 1142 2837 lectio
1181 2808 1263 2837 non
1303 2794 1472 2837 omnino
1509 2804 1636 2839 certa.
1699 2795 1747 2838 In
