1794 3412
888 287 1154 326 —132—

546 408 635 448 ἀντ’
667 406 813 457 ἐρατῶν
837 404 961 458 δώρων
988 406 1107 448 τῶνδε
1133 406 1254 459 χάριν
1281 406 1452 457 θέμενος.

425 487 491 533 δὸς
518 485 559 527 δέ
584 501 668 535 μιν
699 484 959 527 εὐθυδίκων
988 485 1232 536 Εὐωνυμέων
1259 485 1313 528 ε’ν)
1339 485 1448 538 δήμῳ

546 563 669 605 ναίειν
696 564 835 610 αἰῶνος
865 568 1007 616 μοῖραν
1034 563 1168 616 ἔχοντ’
1194 564 1366 615 ἀγαθήν.

312 645 359 685 In
392 658 476 701 quo
503 642 710 686 εὐθυδίκων
742 643 931 685 omnium
972 642 1195 686 tribulium
1237 652 1310 686 aut
1351 655 1606 701 paganorum
1649 642 1741 699 epi-

310 723 456 765 theton
483 726 590 764 ‘non
621 720 840 764 serendum
880 730 955 763 est.
1021 721 1303 777 Quamobrem
1337 723 1414 764 nisi
1444 720 1640 774 εὐρυχόρῳ
1661 724 1742 762 ‘aut

309 800 552 853 εὐθυμάχων
577 799 843 842 scribendum
882 799 994 858 quod
1027 809 1163 844 tamen
1204 802 1341 843 minus
1368 798 1588 859 probabile
1626 797 1743 841 vide·

312 889 379 922 tur
398 912 410 930 ‚
444 882 748 923 Anacreontem
785 879 995 937 scripsisse
1026 886 1160 937 puto:

426 959 489 1007 δὸς
515 958 557 1000 δέ
583 959 617 1000 οἱ
644 957 830 1011 εὖθυδίκῳ
855 955 1101 1009 Εὖωνυμὲων
1131 957 1185 1001 ε’νὶ
1219 957 1330 1010 δήμῳ

542 1035 667 1078 ναίειν
697 1037 832 1083 αἰῶνος
863 1041 1006 1088 μοῖραν
1037 1035 1172 1088 ἔχοντ’
1202 1036 1376 1086 άγαθήν.

313 1116 389 1159 Cui
423 1116 567 1158 confer
599 1115 829 1157 Diotimum
863 1116 914 1159 A.
946 1115 993 1158 Ρ.
1022 1115 1105 1165 Vl,
1140 1117 1242 1159 267.

429 1193 638 1248 Φωσφόρος
669 1191 697 1235 ὦ
724 1194 902 1246 σώτειρ’,
934 1192 1000 1236 ἐπὶ
1031 1193 1251 1241 Παλλάδος
1277 1191 1416 1236 ἕσταθι
1444 1193 1595 1245 κλήρων

539 1274 713 1326 ’Άρτεμι
741 1272 809 1314 καὶ
833 1271 977 1325 χαρίεν
1002 1275 1090 1326 φῶς
1117 1272 1178 1313 ἑὸν
1208 1270 1315 1323 άνδρὶ
1343 1270 1471 1313 δίδου·

431 1381 1104 1395 ................
1136 1352 1179 1393 οὐ
1210 1350 1294 1403 γὰρ
1324 1351 1516 1403 άφαυρῶς

366 1412 368 1415 ¹
545 1431 590 1472 ἐκ
621 1430 716 1477 Διὸς
744 1430 862 1478 ἰθείης
895 1427 974 1472 οἶδε
1005 1428 1198 1471 τάλαντα
1224 1427 1349 1476 δίκης.

310 1509 426 1551 Idem
455 1517 595 1550 votum
623 1509 665 1549 in
691 1506 950 1564 Asclepiadis
974 1507 1246 1564 inscriptione
1275 1506 1326 1549 A.
1357 1505 1404 1549 Ρ.
1433 1504 1498 1555 V,
1532 1506 1632 1548 202.
1669 1509 1711 1549 5.

427 1587 554 1640 Κύπρι
581 1587 686 1640 φίλη
705 1619 717 1634 ,
750 1586 800 1628 σὺ
832 1586 874 1628 δὲ
903 1586 998 1640 τῇδε
1025 1584 1155 1638 πόροις
1188 1584 1389 1637 νημερτέα
1413 1584 1520 1632 νίκης

544 1664 689 1716 δόξαν,
722 1665 964 1717 άείμνηστον
993 1664 1128 1714 τήνδ’
1162 1665 1389 1706 ἐπιθεῖσα
1414 1663 1551 1716 χάριν.

311 1745 395 1789 Ubi
437 1744 486 1786 ad
527 1743 701 1786 eandem
743 1759 932 1786 normam
967 1742 1181 1786 Iacobsius
1226 1742 1422 1799 scripsitz
1473 1742 1582 1790 νίκης
1623 1741 1744 1791 δόξαν

309 1824 583 1875 ἀειμνήστου,
614 1822 725 1872 τήνδ’
758 1822 950 1865 ἐπιδοῦσα
994 1820 1146 1874 χάριν,
1195 1820 1264 1863 sed
1306 1820 1479 1864 verbum
1528 1820 1740 1863 ἐπιδιδόναι

311 1903 380 1944 hic
409 1903 546 1944 locum
578 1916 659 1943 non
694 1900 835 1943 habet.
901 1901 1111 1943 Hactenus
1149 1909 1285 1943 tamen
1323 1899 1513 1942 Iacobsio
1542 1899 1742 1943 assentior

307 1982 550 2032 ἀείμνηστον
587 1979 740 2022 rectius
784 1993 880 2021 cum
909 1977 1029 2029 δόξαν
1066 1979 1264 2036 coniungi
1297 1992 1422 2036 quarn
1465 1992 1562 2021 cum
1603 1977 1739 2031 χάριν.

310 2062 449 2116 Quare
479 2057 697 2101 maluerim
720 2075 731 2100 ε

543 2136 662 2187 δόξαν
692 2137 935 2189 ἀείμνηστον
953 2170 965 2185 ,
997 2135 1109 2179 τῶνδ’
1137 2136 1319 2178 ἐπιθεῖσα
1344 2135 1480 2189 χάριν.

310 2218 357 2261 Id
400 2216 512 2275 quod
554 2216 800 2275 explicatius
843 2216 946 2260 dixit
990 2215 1239 2258 Anacreon:
1287 2214 1377 2256 ἀντ’
1425 2214 1572 2267 ἐρατῶν
1617 2214 1742 2268 δώρων

308 2297 428 2339 τῶνδε
471 2294 594 2349 χάριν
630 2295 805 2347 θέμενος.
870 2296 1065 2338 Attamen
1110 2308 1260 2351 negare
1294 2308 1387 2336 -non
1432 2292 1563 2335 ausim
1602 2308 1740 2337 veram

310 2385 457 2434 poetae
488 2390 657 2418 manum
691 2382 922 2416 assecutum
954 2389 1039 2416 esse
1066 2371 1439 2415 Schneidewinum
1459 2404 1471 2424 ,
1505 2373 1579 2430 qui
1615 2372 1739 2425 χάρις

310 2456 363 2498 de
389 2455 563 2496 donario
592 2453 815 2511 Plangonis
846 2453 1171 2509 interpretatus,
1204 2450 1414 2493 coniecit:

543 2533 785 2584 άείμνηστον
815 2531 931 2581 τήνδε
962 2532 1119 2573 τιθεῖσα
1149 2529 1285 2583 χάριν.

311 2615 426 2656 Inter
453 2613 770 2670 inscriptionem
803 2610 1099 2669 Thespiensem
1128 2618 1170 2651 et
1199 2609 1446 2666 Gyzicenarn
1466 2641 1478 2660 ,
1512 2623 1614 2665 quas
1641 2623 1742 2665 pro·

311 2705 403 2753 pter
436 2702 731 2749 aetatem-qua
772 2691 952 2748 scriptae
982 2697 1076 2731 sunt
1120 2687 1201 2730 hoc
1231 2689 1323 2730 loco
1371 2687 1604 2730 tractandas
1634 2685 1737 2729 mihi

311 2774 486 2832 putavi,
519 2771 653 2815 media
698 2771 848 2813 inserta
891 2770 1044 2827 legitur
1083 2767 1299 2824 inscriptio
1332 2766 1469 2809 Attica
1510 2781 1634 2823 quam
1669 2765 1739 2808 Si·

312 2851 471 2896 menidi
506 2848 769 2894 tribuendam
810 2864 894 2893 esse
935 2848 1038 2893 vidit
1074 2845 1415 2891 Schneidewinus
1449 2845 1498 2888 ad
1530 2844 1737 2890 Simonid.
