1794 3412
648 245 885 285 ...21-

40 392 130 422 rem
163 381 360 424 venatus,
396 370 594 415 Amorem
621 371 725 415 furti
753 375 995 413 accusatum
1031 367 1071 410 in
1102 362 1309 409 iudicium
1328 357 1492 418 rapis.''

43 458 193 517 Neque
220 457 262 500 in
290 453 484 498 inimicos
510 451 582 496 sed
611 453 653 496 in
682 449 943 495 adversarios
984 447 1141 507 scripta
1173 444 1258 490 duo
1289 441 1371 485 alia
1402 438 1496 499 epi·

40 544 274 598 grammate
318 532 430 594 apud
462 532 764 583 Athenaeum,
810 544 995 590 quorum
1037 541 1170 572 unum
1214 526 1256 569 in
1300 523 1494 585 philoso-

42 616 179 677 phos,
213 631 262 660 ex
292 613 552 673 Hegesandri
581 610 740 671 Delphi
772 609 1099 656 Commentariis
1123 615 1369 668 excerptum
1388 637 1402 658 ‚
1435 603 1499 648 le-

41 697 157 755 gitur
189 696 249 741 lv
270 728 282 748 ,
322 696 404 738 162
434 695 488 739 A.
753 744 765 758 ⁶

162 773 582 831 Ὀφρυανασπασίδαι
592 805 606 821 ,
637 770 1115 826 ῥινεγκαταπηξιγένειοι
1127 804 1140 819 ,

282 850 686 906 σακκογενειοτρόφοι
718 851 789 894 καὶ
815 849 1209 904 λοπαδαρπαγίδαι·

158 932 619 989 εἱματανωπερίβαλλοι
633 964 645 981 ,
679 929 1177 982 άνηλιποκαιβλεπέλαιοι
1196 963 1209 979 ,

277 1009 698 1066 νυκτιλαθραιοφάγοι
711 1044 723 1060 ,
754 1009 1186 1063 νυκτιπαταιπλάγιοι
1196 1044 1208 1060 ,

158 1091 540 1150 μειρακιεξαπάται
570 1091 640 1135 καὶ
668 1090 1177 1145 συλλαβοπευσιλαληταὶ

276 1173 644 1229 δοξοματαιόσοφοι
662 1206 674 1223 ,
710 1170 1055 1228 ζηταρετησιάδαι
1073 1205 1086 1221 ,

42 1256 223 1303 alterum
254 1254 458 1301 Herodici
488 1253 674 1299 Cratetei
705 1253 746 1297 in
782 1251 1105 1303 Aristan-choos,
1139 1251 1208 1304 V,
1244 1253 1331 1297 222
1367 1253 1418 1298 Δ.

160 1335 341 1389 Φεύγετ*
361 1333 664 1390 Ἀριστάρχειοι
691 1334 759 1377 ἐπ’
788 1332 910 1388 εὐρέα
935 1336 1044 1377 νῶτα
1069 1331 1285 1384 θαλάσσης

279 1415 472 1460 Ἑλλάδα
488 1449 501 1466 ,
534 1420 609 1467 τῆς
640 1413 781 1467 ξουθῆς
808 1413 1023 1468 δειλότεροι
1050 1412 1255 1466 κεμάδος,

162 1495 530 1548 γωνιοβόμβακες,
564 1494 873 1548 μονοσύλλαβοι
892 1528 904 1544 ,
938 1491 1015 1538 οἷσι
1040 1494 1232 1548 μέμηλεν

281 1575 330 1619 τὸ
355 1575 457 1631 σφὶν
484 1574 552 1619 καὶ
578 1578 710 1630 σφῶιν
737 1573 806 1617 καὶ
834 1574 882 1617 τὸ
907 1573 980 1627 μὶν
1012 1574 1078 1625 ἡδὲ
1108 1575 1157 1618 τὸ
1183 1575 1241 1618 νίν
1262 1591 1271 1599 ·

160 1656 279 1700 ταῦθ’
304 1656 402 1708 ὑμῖν
428 1654 513 1706 εἴη,
546 1654 828 1710 δυςπέμφελοι
850 1669 861 1678 ·
892 1654 1082 1709 Ἡροδίκῳ
1111 1654 1153 1699 δὲ

280 1736 441 1785 Ἑλλάς
466 1735 532 1779 άεὶ
564 1735 706 1788 μίμνοι
733 1734 804 1778 καὶ
832 1733 998 1785 θεόπαις
1024 1735 1240 1788 Βαβυλών.

45 1817 132 1865 Ubi
175 1832 236 1862 vs.
266 1821 293 1862 3
339 1817 490 1876 scripsi
541 1815 887 1869 γωνιοβόμβακες
924 1830 1005 1874 pro
1044 1814 1216 1875 vulgato
1267 1815 1497 1868 γωνιοβόμ-

41 1898 170 1952 βυκες
202 1906 250 1941 ut
289 1894 625 1953 ἀφροσιβόμβαξ
670 1896 821 1940 Timon
864 1911 935 1955 ap.
966 1894 1093 1955 Diog.
1126 1895 1180 1941 L.
1210 1894 1286 1949 11,
1325 1898 1425 1944 126.
1457 1905 1500 1941 et

38 1976 423 2031 βομβαλοβόμβαξ
454 1977 532 2022 Ar.
563 1975 736 2021 Thesm.
763 1977 836 2021 48.
902 1975 1063 2033 Quinto
1094 1990 1216 2019 versu
1250 1975 1497 2021 Dindorfius

41 2057 206 2104 edidit:
238 2058 347 2101 τοῦθ’
375 2058 412 2101 ὑ.
439 2056 472 2101 ἔ.
506 2056 810 2112 δυςπέμφελον.
870 2055 1082 2115 Equidem
1113 2055 1387 2102 scribendum
1415 2074 1499 2117 pu-

41 2139 127 2182 tavi
150 2140 291 2181 ταῦτα
324 2136 506 2196 ideoque
534 2137 717 2197 praetuli
744 2136 860 2196 quod
893 2137 935 2180 iu
966 2136 1148 2181 Iacobsii
1178 2135 1365 2181 editione
1392 2139 1498 2199 legi·

40 2227 140 2263 tur:
174 2217 475 2271 δυσπέμφελοι.
543 2218 604 2260 Ex
638 2218 794 2275 prioris
824 2217 1141 2276 epigrammatis
1174 2230 1236 2261 vs.
1270 2221 1312 2262 2.
1358 2221 1495 2262 corri-

40 2297 203 2358 gendus
231 2295 469 2356 Hesychius
499 2311 538 2340 v.
573 2295 845 2352 ζακκίτροφον
864 2330 876 2346 ,
908 2296 956 2339 τὸ
987 2295 1149 2348 σεμνόν.
1215 2297 1265 2340 Id
1297 2307 1358 2341 est
1392 2316 1496 2342 σακ-

40 2379 248 2434 κότροφον.
316 2375 474 2420 confer
505 2377 558 2420 A.
589 2377 637 2421 P.
667 2376 782 2427 XII,
820 2379 920 2421 174.
957 2379 999 2421 3.

100 2458 185 2503 Sed
212 2457 297 2500 huc
328 2471 405 2516 per
428 2457 512 2500 vim
546 2472 568 2500 a
602 2456 791 2516 Cephala
822 2465 1051 2501 retractum
1088 2465 1194 2517 puto
1224 2459 1342 2502 Arati
1373 2459 1496 2503 disti—

40 2538 150 2583 chon
183 2539 236 2582 Δ.
266 2537 314 2582 Ρ.
345 2536 404 2580 XI
427 2570 438 2589 ‚
475 2541 576 2581 457.

157 2616 296 2672 Αἱάζω
325 2616 519 2669 Διότιμον
546 2616 590 2667 ὃς.
612 2620 653 2660 ἐν
680 2617 868 2672 πέτραισι
897 2617 1071 2668 κάθηται

274 2698 517 2752 Γαργαρέων
544 2698 686 2742 παισὶν
711 2699 830 2751 βῆτα
856 2698 924 2741 καὶ
953 2697 1079 2754 ἄλφα
1106 2699 1267 2750 λέγων,

44 2785 86 2821 et
122 2776 230 2838 apud
275 2777 429 2837 Steph.
475 2778 580 2836 Byz.
614 2793 655 2823 v.
721 2778 949 2833 Γάργαρα,
983 2780 1250 2839 praemissis:
1296 2778 1491 2832 Διότιμος

44 2857 98 2905 εἷς
126 2855 166 2900 ὃν
192 2860 369 2913 ’Άρατος
404 2855 529 2902 εἶπεν.
599 2858 777 2904 Videtur
809 2860 918 2903 enim
958 2860 1112 2905 Aratus
1153 2859 1230 2903 hos
1271 2874 1409 2904 versus
1449 2861 1490 2904 in
