1794 3412
663 302 931 342 ——195—

67 428 171 472 Can.
207 443 251 487 p.
284 430 355 471 41.
391 429 460 469 22.
494 429 594 471 item
630 442 668 472 c.
699 430 771 472 65.
806 429 909 470 243.
937 429 1037 469 245.
1072 427 1172 469 407.
1199 426 1300 468 483.
1369 425 1427 468 Ex
1454 423 1525 467 ad-

63 525 184 553 verso
215 509 347 554 latere
380 511 603 570 cipporum
634 508 847 568 descripta
887 523 975 552 esse
1008 523 1047 552 c.
1076 510 1147 552 23.
1185 508 1257 551 29.
1293 507 1365 550 96.
1399 521 1526 565 supra

65 591 246 635 conieci.
309 592 616 649 Inscriptiones
649 589 822 632 aliunde
853 589 1089 648 descriptae
1121 596 1220 631 sunt
1250 602 1289 633 c.
1315 589 1388 633 60.
1421 590 1525 632 142.

184 671 488 726 Κρημνοβοὲτοον
520 671 679 725 δίκερων
711 673 902 725 Νυμφῶν
934 670 1118 724 ἧγῆτοροι
1148 669 1272 712 nava

305 751 472 806 οἱζόμεθ’
503 750 545 800 ὃς
576 750 759 805 πέτρινον
790 749 903 794 τόνδε
937 750 1099 795 κέκευθε
1130 748 1278 802 δόμον.»

186 831 301 876 ἵλαον
331 833 510 886 ἔμμεναι
541 832 679 884 ἄμμιν
710 830 792 875 ὅσοι
820 831 929 882 λίβοο
959 830 1078 881 τήνδε
1109 829 1308 882 μολόντες

305 913 455 956 ἀενάου
484 913 674 964 πόματος
707 912 834 965 δίψαν
865 910 1154 962 ἀπωσόμεθα,

65 993 140 1036 ubi
181 1000 382 1052 corrupta
422 993 549 1036 verba
589 991 702 1036 τόνδε
733 990 895 1035 κέκευθε
926 989 1049 1044 δόμον
1075 989 1269 1034 nondum
1310 998 1428 1034 recte
1466 1006 1532 1033 sa-

66 1081 162 1116 nata
208 1080 337 1125 sunt,
382 1088 421 1118 ο.
452 1074 556 1118 143.
590 1075 694 1119 144.
730 1074 832 1116 146.
869 1073 971 1118 156.
1010 1073 1110 1117 179.
1143 1072 1250 1116 237.
1285 1072 1390 1115 249.
1426 1074 1530 1115 313.

65 1157 169 1199 314.
204 1155 308 1199 318.
344 1156 448 1200 325.
481 1163 524 1198 et
564 1155 667 1199 406.
711 1155 815 1198 391.
854 1156 955 1198 435.
994 1154 1097 1198 506.
1134 1154 1238 1199 510.
1273 1154 1529 1197 601-606,

65 1236 322 1281 614-617.
355 1236 612 1281 619-645,
641 1236 746 1279 649.
772 1236 878 1280 650.
909 1236 1014 1278 651.
1038 1234 1295 1278 656—684.
1331 1249 1440 1293 quae
1468 1236 1534 1277 in-

66 1316 242 1376 scriptio
286 1316 484 1360 laudatur
517 1318 560 1360 in
596 1315 758 1361 Anecd.
802 1315 940 1360 Bekk.
969 1315 1029 1360 Π.
1064 1329 1110 1375 p.
1142 1315 1246 1374 784.
1282 1315 1357 1358 ubi
1391 1330 1452 1359 vs.
1491 1319 1530 1359 1.

64 1398 257 1441 Ὠκεανῶ
300 1407 344 1442 et
391 1414 448 1443 vs,
481 1401 525 1445 3.
572 1399 728 1448 θνητοῖς
769 1397 804 1440 δ’
845 1396 1016 1448 ὑγιείην.
1083 1396 1143 1441 Ut
1188 1409 1334 1441 versus
1370 1398 1533 1456 primus

66 1477 219 1536 hymni
247 1479 292 1521 in
323 1478 570 1538 Apollinem
604 1493 644 1522 c.
677 1480 780 1522 525.
819 1481 859 1523 1.
901 1477 1099 1521 laudatur
1128 1479 1171 1520 in
1212 1477 1362 1522 Schol.
1395 1477 1531 1537 Soph.

0 1550 2 1553 V
67 1557 123 1603 0.
170 1558 220 1602 Τ.
256 1560 356 1603 154.
410 1558 604 1615 Hymnus
658 1557 849 1600 eiusdem
896 1558 1059 1616 generis
1099 1560 1143 1610 in
1193 1558 1413 1602 Bacchum
1442 1559 1531 1610 IX,

69 1640 172 1682 524.
206 1639 372 1698 saepius
399 1653 422 1680 a
449 1636 589 1681 choris
615 1637 888 1689 decantatus,
921 1646 965 1682 et
997 1638 1109 1681 haud
1141 1637 1273 1682 dubie
1295 1637 1431 1698 lapidi
1467 1639 1535 1682 in-

66 1720 250 1779 scriptus
291 1720 335 1763 in
373 1720 465 1779 ipso
511 1718 672 1778 templo
703 1720 912 1778 repositus
955 1726 1072 1764 erat.v
1126 1719 1380 1779 Fragmenta
1422 1720 1535 1764 enim

64 1816 114 1845 ex
151 1799 305 1859 ‘lapide
346 1800 557 1860 descripta
598 1801 800 1860 leguntur
846 1801 981 1845 lusor.
1027 1799 1220 1846 Boeckh.
1266 1817 1310 1847 n.
1339 1804 1415 1849 38.
1450 1801 1530 1846 In-

66 1883 343 1941 scriptionem
376 1882 504 1925 etiam
535 1896 645 1941 quae
677 1897 716 1926 c.
744 1883 848 1926 688.
883 1881 1039 1941 legitur
1066 1883 1166 1926 satis
1197 1883 1418 1942 antiquam
1447 1898 1534 1926 esse

66 1961 167 2006 inde
195 1970 340 2022 patet,
381 1961 496 2020 quod
540 1977 682 2006 versus
727 1971 904 2022 quartus
944 1961 1141 2005 laudatur
1180 1963 1223 2005 in
1265 1962 1412 2007 Schol.
1448 1964 1534 2022 Ap.

67 2043 153 2089 Rh.
181 2043 258 2088 [ΙΙ.
292 2054 355 2088 vs.
380 2045 511 2087 1241.
577 2042 673 2086 Duo
702 2041 883 2085 disticha
922 2057 1031 2100 quae
1067 2041 1267 2101 leguntur
1294 2043 1348 2088 A.
1375 2044 1424 2089 Ρ.
1444 2044 1503 2089 ΙΧ
1521 2078 1533 2097 ,

67 2126 169 2169 786.
205 2140 253 2168 ex
283 2123 426 2183 lapide
452 2123 667 2183 descripta
699 2138 788 2167 esse
821 2129 1000 2166 testatur
1026 2121 1251 2170 Demosth.
1283 2122 1337 2167 de
1372 2125 1532 2168 Halon-

67 2220 166 2248 neso
200 2209 243 2263 §.
274 2207 347 2249 39.
381 2206 457 2263 qui
484 2219 533 2248 ea
575 2203 682 2247 dicit
710 2204 757 2246 τὸ
797 2202 1054 2257 ἐπίγραμμα
1094 2204 1142 2247 τὸ
1174 2204 1241 2248 ἐπὶ
1272 2208 1345 2248 τοῦ
1386 2206 1532 2258 βωμοῦ

63 2289 136 2328 τοῦ
169 2285 264 2333 Διὸς
296 2286 368 2327 τοῦ
395 2284 545 2337 ‘Opim
610 2285 676 2328 Ita
718 2284 829 2327 inter
871 2283 1127 2328 ἑπιδεικτικοὶ
1170 2285 1352 2329 relatum
1390 2303 1412 2329 a
1454 2287 1535 2332 Ce-

67 2365 192 2425 phala
222 2380 392 2408 carmen
431 2380 470 2410 c.
498 2367 604 2408 704.

185 2448 316 2497 Τήκει
351 2443 420 2488 καὶ
456 2445 609 2499 πέτρην
640 2445 658 2487 ὃ
692 2446 822 2494 πολὺς
855 2446 1024 2500 χρόνος,
1058 2447 1159 2497 ἀλλ’
1182 2447 1377 2501 ·οέρετοέων

308 2524 658 2576 ’Λο-κληπιοδότου
690 2526 736 2569 τὸ
769 2526 885 2576 κλέος
918 2525 1147 2577 ἀθάνατον,

185 2606 290 2651 ὅσσοι
322 2607 392 2651 καὶ
425 2604 493 2651 οἷα
523 2606 643 2661 πόρεν
675 2607 782 2661 γέροο
812 2609 977 2662 πατρίδι
997 2623 1008 2633 ·
1040 2614 1124 2658 τοῖς
1157 2610 1225 2653 ἐπὶ
1259 2611 1364 2654 πᾶσι

306 2687 376 2731 καὶ
409 2687 502 2731 τόδε
534 2688 757 2742 μετρείσθω
792 2694 924 2732 κοῖλον
957 2689 1127 2743 ἔρειο-μοι
1159 2689 1302 2741 θόλου,

68 2767 182 2827 quod
222 2769 264 2813 in
320 2785 532 2814 marmore
587 2769 742 2828 legitur
782 2770 831 2814 C.
870 2771 907 2815 I.
942 2773 1072 2816 2851.
1117 2772 1193 2815 ubi
1236 2789 1295 2817 vs,
1331 2775 1373 2816 3.
1421 2781 1538 2817 recte

70 2849 276 2908 scriptum
320 2859 479 2894 exstat:
527 2848 632 2893 ὅσσοι
670 2852 738 2893 καὶ
773 2848 852 2893 οἷοι.
919 2850 1092 2898 Codexe
1126 2851 1233 2896 ἔσο-οι
1265 2851 1351 2896 κεόῒ
1378 2853 1532 2909 πόρρεν.

72 2928 153 2973 Sed
201 2938 247 2974 ut
289 2939 427 2977 metro
469 2932 712 2976 consulatur
749 2941 967 2992 praeterea
1003 2933 1301 2978 scribendum:
1334 2932 1439 2978 ἔσο-οε
1467 2937 1534 2980 καὶ

1139 3016 1235 3058 13*
