1794 3412
925 265 1178 306 -184-

344 397 482 436 στορις
531 383 573 426 in
614 383 696 426 hoo
733 397 790 428 vs,
822 388 864 427 3.
909 383 1012 427 dure
1048 383 1154 426 mihi
1203 383 1362 426 dictum
1399 385 1593 427 videtur:
1637 386 1655 426 ὁ
1691 385 1772 437 γὰρ

345 461 483 514 χρόνος
521 476 600 519 pro
638 459 753 509 οὗτος
784 461 866 515 γὰρ
897 462 916 503 ὃ
947 460 1100 516 χρόνος.
1165 462 1312 520 Neque
1348 462 1426 504 sibi
1465 463 1652 505 constitit
1696 462 1774 506 ce-

341 539 486 597 phalas
525 540 598 598 qui
630 540 816 583 earmina
859 540 1069 583 Leonidae
1108 539 1381 584 Alexandrini
1412 540 1499 592 VI,
1536 543 1636 584 321.
1672 543 1772 585 322.

340 619 443 662 323.
477 620 579 664 327.
612 621 714 663 328.
748 627 791 663 et
821 618 1044 663 Nicodemi
1072 619 1343 663 Heracleotae
1382 633 1419 662 c.
1452 621 1699 664 314—321.
1734 620 1774 662 in

340 695 497 739 librum
528 695 701 741 Sextum
745 697 967 751 retulerit,
1001 698 1083 740 alia
1113 712 1212 741 vero
1251 712 1376 756 parva
1409 698 1594 740 carmina
1621 697 1672 741 ad
1703 714 1774 757 pa·-

342 784 484 818 tronos
508 791 531 818 a
557 778 694 835 poetis
734 779 889 836 scripta
931 779 974 820 in
1013 777 1172 820 librum
1202 776 1388 820 Nonum.
1451 777 1506 820 Et
1532 776 1636 820 falso
1667 777 1774 820 inter

341 855 592 913 sepulcralia
629 855 840 900 inferendi
877 864 995 900 erant
1033 870 1173 900 versus
1202 855 1413 900 Leonidae
1438 863 1595 899 statuae
1622 855 1777 899 Archi-

341 933 455 978 lochi
497 935 686 994 inscripti
730 936 785 980 A.
815 935 863 979 P.
898 935 1005 988 VII,
1039 937 1142 980 664.
1185 945 1228 978 et
1262 934 1518 992 Asclepiadis
1562 936 1605 979 in
1649 936 1776 979 Erin-

337 1028 433 1058 nam
460 1013 572 1066 vll,
609 1016 679 1059 11.

457 1096 509 1137 ‘O
540 1093 699 1145 γλυκὺς
730 1093 907 1148 Ἠρίννης
938 1092 1051 1143 οὗτος
1078 1092 1224 1143 πόνος,
1256 1094 1350 1147 οὐχὶ
1382 1094 1509 1142 πολὺς
1540 1094 1644 1144 μὲν,

575 1175 627 1222 ὡς
653 1172 704 1216 ἂν
733 1174 976 1227 παρθενικᾶς
1007 1171 1375 1222 ἐννεκκικιδεκὲτευς
1393 1207 1405 1222 ,

457 1253 557 1298 ἀλλ’
587 1251 728 1307 ἐτέρων
757 1256 918 1296 πολλῶν
942 1250 1206 1305 δυνατώτερος
1225 1265 1237 1276 ·
1267 1251 1302 1295 εἶ
1333 1251 1368 1294 δ’
1399 1250 1551 1299 Aram
1583 1266 1662 1301 μοι

575 1333 635 1384 μὴ
663 1331 803 1386 ταχὺς
836 1330 930 1383 ἦλθε
948 1363 961 1380 ,
993 1331 1056 1380 τίς
1086 1330 1139 1374 ἂν
1163 1330 1332 1374 ταλίκον
1360 1329 1456 1383 ἔσχ’
1487 1329 1641 1382 ὄνομοις
1766 1383 1768 1386 Ι

343 1409 416 1454 ubi
450 1409 721 1454 scribendum
761 1419 850 1453 est:
885 1411 919 1452 εἰ
956 1409 991 1452 δ’
1018 1409 1159 1458 Ἀΐδας
1187 1410 1220 1452 οἱ
1258 1411 1316 1463 μὴ
1345 1409 1487 1462 ταχὺς
1515 1407 1623 1459 ἦλθε.
1685 1410 1777 1453 Hoc

339 1489 596 1548 epigramma
627 1488 737 1531 enim
765 1489 809 1531 in
837 1487 976 1531 fronte
1000 1487 1157 1530 codicis
1188 1488 1231 1530 in
1260 1502 1343 1546 quo
1373 1487 1557 1530 Erinnae
1590 1488 1773 1530 carmina

340 1568 495 1627 scripta
532 1575 678 1619 erant,
712 1567 869 1610 lectum
912 1567 993 1610 fuit
1013 1598 1024 1617 ,
1057 1567 1109 1610 de
1148 1580 1232 1625 quo
1264 1574 1451 1610 veterum
1481 1580 1598 1609 more
1629 1567 1772 1610 confer

341 1645 482 1692 Ovidii
511 1660 651 1691 versus
682 1645 809 1690 Trist.
836 1645 888 1696 1,
923 1648 965 1690 7.
994 1647 1066 1690 33.

456 1725 547 1771 Hos
576 1739 747 1784 quoque
777 1739 850 1768 sex·
875 1739 1015 1768 versus
1045 1726 1088 1768 in
1115 1725 1251 1787 prima
1282 1726 1420 1768 fronte
1450 1724 1584 1768 libelli

577 1805 624 1849 Si
648 1804 964 1864 praeponendos
995 1820 1081 1848 esse
1113 1805 1281 1863 putabis
1313 1804 1421 1847 habe
1440 1836 1452 1856 ,

342 1894 384 1928 et
420 1883 657 1929 Martialem
701 1883 732 1928 l.
758 1883 850 1934 IX,
888 1886 929 1928 1.
992 1883 1304 1942 »Epigramma
1350 1883 1462 1942 quod
1503 1891 1617 1927 extra
1660 1868 1780 1926 ordi-v

338 1979 435 2007 nem
461 1964 706 2022 paginarum
734 1970 817 2007 est.
852 1961 902 2004 ad
931 1961 1179 2005 Stertinium
1203 1963 1479 2006 clarissimum
1508 1963 1644 2006 virum
1671 1964 1774 2006 scri-

339 2044 529 2103 psimus,
563 2042 638 2100 qui
678 2042 904 2098 imaginem
940 2046 1074 2084 meam
1115 2055 1272 2098 ponere
1316 2041 1358 2083 in
1402 2039 1661 2084 bibliotheca
1702 2055 1774 2082 sua

338 2122 524 2166 voluit.”
587 2119 788 2165 Eiusdem
832 2118 1091 2176 Asclepiadis
1133 2118 1218 2160 duo
1261 2118 1342 2160 alia
1374 2118 1570 2161 ”eiusdem
1611 2121 1773 2177 generis

340 2212 388 2246 ut
419 2201 586 2245 videtur
608 2201 793 2243 carmina
821 2200 870 2242 in¹
893 2199 1049 2242 librum
1084 2197 1253 2242 Nonum
1286 2198 1462 2250 retulit3
1495 2213 1676 2257 quorum
1710 2199 1771 2241 al-

340 2291 478 2327 terum
509 2282 552 2324 in
584 2278 828 2324 Antimaehi
860 2277 1006 2336 Lyden
1039 2278 1092 2322 A.
1124 2277 1172 2322 P.
1200 2277 1260 2321 IX
1279 2308 1293 2326 ‚
1325 2280 1396 2320 63.

459 2360 574 2410 Λάδη
607 2358 675 2402 καὶ
702 2358 816 2411 γένος
847 2358 930 2409 εἰμὶ
963 2357 1031 2400 καὶ
1062 2356 1214 2409 οὔνομα,
1233 2370 1242 2380 ·
1274 2359 1351 2399 τῶν
1380 2355 1415 2398 δ’
1444 2355 1528 2399 ἀπὸ
1556 2356 1701 2411 Κόδρου,

574 2437 792 2491 cremorem
824 2440 963 2480 πασῶν
994 2436 1076 2487 εἰμὶ
1107 2436 1156 2478 δι’
1182 2435 1462 2488 Ἀντίμαχον·

458 2520 519 2568 τίς
542 2518 625 2572 γὰρ
656 2517 721 2568 ἔμ’
751 2516 1017 2569 οὐκῆεἱσες
1049 2515 1110 2563 τίς
1143 2516 1212 2559 οὐκ
1238 2514 1461 2565 ἀνελέξοιτο
1489 2514 1649 2564 Λύδην,

577 2597 623 2640 τὸ
654 2596 767 2646 ξυνὸν
797 2598 968 2638 Μουσῶν
991 2593 1275 2647 γράμμα<καὶ
1307 2593 1593 2647 'Am-moizon
1622 2600 1632 2605 “

341 2679 426 2725 Ubi
471 2694 528 2722 VS.
560 2682 601 2721 3.
647 2692 724 2735 pro
756 2677 861 2725 ἤεισε
910 2664 1020 2733 qued
1065 2689 1181 2718 sensu
1224 2689 1365 2718 carere
1411 2674 1605 2725 videtur,
1639 2688 1767 2732 quum

340 2756 582 2807 Antimachi
622 2770 787 2800 carmen
828 2755 1054 2811 elegiacum
1099 2762 1309 2797 cantatum
1353 2752 1480 2797 fuisse
1526 2768 1671 2811 parum
1716 2755 1766 2797 sit
