<?xml version="1.0" encoding="UTF-8"?>
<!DOCTYPE html PUBLIC "-//W3C//DTD XHTML 1.0 Transitional//EN"
    "http://www.w3.org/TR/xhtml1/DTD/xhtml1-transitional.dtd">
<html xmlns="http://www.w3.org/1999/xhtml" xml:lang="en" lang="en">
 <head>
  <title>
</title>
<meta http-equiv="Content-Type" content="text/html;charset=utf-8" />
  <meta name='ocr-system' content='tesseract 3.04.00' />
  <meta name='ocr-capabilities' content='ocr_page ocr_carea ocr_par ocr_line ocrx_word'/>
</head>
<body>
  <div class='ocr_page' id='page_1' title='image "./commentationiscr00heckuoft_0234.png"; bbox 0 0 1794 3412; ppageno 0'>
   <div class='ocr_carea' id='block_1_1' title="bbox 909 258 1174 296">
    <p class='ocr_par' dir='ltr' id='par_1_1' title="bbox 909 258 1174 296">
     <span class='ocr_line' id='line_1_1' title="bbox 909 258 1174 296; baseline 0 0"><span class='ocrx_word' id='word_1_1' title='bbox 909 258 1174 296; x_wconf 86' lang='lat'>—220—</span> 
     </span>
    </p>
   </div>
   <div class='ocr_carea' id='block_1_2' title="bbox 315 373 1754 2791">
    <p class='ocr_par' dir='ltr' id='par_1_2' title="bbox 315 373 1754 2791">
     <span class='ocr_line' id='line_1_2' title="bbox 322 373 1749 438; baseline 0.006 -22"><span class='ocrx_word' id='word_1_2' title='bbox 322 373 468 417; x_wconf 89' lang='lat' dir='ltr'>docuit</span> <span class='ocrx_word' id='word_1_3' title='bbox 498 374 682 418; x_wconf 74' lang='lat' dir='ltr'>Meinek.</span> <span class='ocrx_word' id='word_1_4' title='bbox 716 374 839 419; x_wconf 71' lang='lat' dir='ltr'>Anat.</span> <span class='ocrx_word' id='word_1_5' title='bbox 884 391 928 432; x_wconf 90' lang='lat' dir='ltr'><em>p.</em></span> <span class='ocrx_word' id='word_1_6' title='bbox 965 379 1064 420; x_wconf 89' lang='lat'><strong>397.</strong></span> <span class='ocrx_word' id='word_1_7' title='bbox 1131 378 1185 419; x_wconf 88' lang='lat' dir='ltr'><em>Et</em></span> <span class='ocrx_word' id='word_1_8' title='bbox 1226 391 1271 419; x_wconf 85' lang='lat' dir='ltr'><em>ex</em></span> <span class='ocrx_word' id='word_1_9' title='bbox 1309 380 1604 436; x_wconf 73' lang='lat' dir='ltr'><strong>epigrammate</strong></span> <span class='ocrx_word' id='word_1_10' title='bbox 1638 382 1749 438; x_wconf 89' lang='lat' dir='ltr'>quod</span> 
     </span>
     <span class='ocr_line' id='line_1_3' title="bbox 322 451 1282 500; baseline 0.003 -5"><span class='ocrx_word' id='word_1_11' title='bbox 322 451 549 495; x_wconf 86' lang='lat' dir='ltr'>Simonidis</span> <span class='ocrx_word' id='word_1_12' title='bbox 580 467 667 494; x_wconf 88' lang='lat' dir='ltr'>esse</span> <span class='ocrx_word' id='word_1_13' title='bbox 699 452 877 496; x_wconf 86' lang='lat' dir='ltr'>traditur</span> <span class='ocrx_word' id='word_1_14' title='bbox 908 455 1002 500; x_wconf 84' lang='lat' dir='ltr'>Vll.</span> <span class='ocrx_word' id='word_1_15' title='bbox 1036 469 1074 497; x_wconf 90' lang='lat' dir='ltr'><em>c.</em></span> <span class='ocrx_word' id='word_1_16' title='bbox 1106 457 1206 500; x_wconf 81' lang='lat'><strong>496.</strong></span> <span class='ocrx_word' id='word_1_17' title='bbox 1241 460 1282 498; x_wconf 88' lang='grc'><em>5.</em></span> 
     </span>
     <span class='ocr_line' id='line_1_4' title="bbox 438 529 1472 589; baseline 0.007 -18"><span class='ocrx_word' id='word_1_18' title='bbox 438 530 570 584; x_wconf 84' lang='grc' dir='ltr'><em>Ἠερίη</em></span> <span class='ocrx_word' id='word_1_19' title='bbox 601 529 794 584; x_wconf 87' lang='grc' dir='ltr'><em>Γεράνεια</em></span> <span class='ocrx_word' id='word_1_20' title='bbox 822 532 946 575; x_wconf 83' lang='grc' dir='ltr'><em>κακὸν</em></span> <span class='ocrx_word' id='word_1_21' title='bbox 975 532 1108 581; x_wconf 83' lang='grc' dir='ltr'><em>λέπας</em></span> <span class='ocrx_word' id='word_1_22' title='bbox 1135 533 1292 588; x_wconf 82' lang='grc' dir='ltr'><strong><em>ὤφελες</em></strong></span> <span class='ocrx_word' id='word_1_23' title='bbox 1318 535 1472 589; x_wconf 78' lang='grc' dir='ltr'><em>Ἴστρον</em></span> 
     </span>
     <span class='ocr_line' id='line_1_5' title="bbox 427 593 1555 666; baseline 0.006 -15"><span class='ocrx_word' id='word_1_24' title='bbox 427 593 429 595; x_wconf 17' lang='lat' dir='ltr'>V</span> <span class='ocrx_word' id='word_1_25' title='bbox 553 615 655 659; x_wconf 77' lang='grc' dir='ltr'><em>τῆλε</em></span> <span class='ocrx_word' id='word_1_26' title='bbox 687 611 756 653; x_wconf 80' lang='grc' dir='ltr'><em>καὶ</em></span> <span class='ocrx_word' id='word_1_27' title='bbox 788 611 828 653; x_wconf 86' lang='grc' dir='ltr'><em>ἐν</em></span> <span class='ocrx_word' id='word_1_28' title='bbox 859 611 1040 655; x_wconf 83' lang='grc' dir='ltr'><em>Σκυθέων</em></span> <span class='ocrx_word' id='word_1_29' title='bbox 1070 613 1223 665; x_wconf 80' lang='grc' dir='ltr'><em>μακρὸν</em></span> <span class='ocrx_word' id='word_1_30' title='bbox 1253 613 1345 666; x_wconf 77' lang='grc' dir='ltr'><em>ὄρᾶν</em></span> <span class='ocrx_word' id='word_1_31' title='bbox 1375 613 1555 665; x_wconf 84' lang='grc' dir='ltr'><em>Τάναϊν,</em></span> 
     </span>
     <span class='ocr_line' id='line_1_6' title="bbox 434 686 1515 744; baseline 0.005 -14"><span class='ocrx_word' id='word_1_32' title='bbox 434 686 537 738; x_wconf 78' lang='grc' dir='ltr'><em>μηδὲ</em></span> <span class='ocrx_word' id='word_1_33' title='bbox 562 687 696 737; x_wconf 78' lang='grc' dir='ltr'><strong><em>πέλοις</em></strong></span> <span class='ocrx_word' id='word_1_34' title='bbox 722 689 845 733; x_wconf 89' lang='grc' dir='ltr'><em>ναίειν</em></span> <span class='ocrx_word' id='word_1_35' title='bbox 872 691 1135 744; x_wconf 82' lang='grc' dir='ltr'><em>Σκειρωνικὸν·</em></span> <span class='ocrx_word' id='word_1_36' title='bbox 1152 688 1279 743; x_wconf 79' lang='grc' dir='ltr'><em>οἶδμα</em></span> <span class='ocrx_word' id='word_1_37' title='bbox 1305 692 1515 742; x_wconf 80' lang='grc' dir='ltr'><em>θαλάσσης</em></span> 
     </span>
     <span class='ocr_line' id='line_1_7' title="bbox 553 765 1407 823; baseline 0.005 -14"><span class='ocrx_word' id='word_1_38' title='bbox 553 765 694 818; x_wconf 76' lang='grc' dir='ltr'><em>ἄγκεα</em></span> <span class='ocrx_word' id='word_1_39' title='bbox 719 767 936 823; x_wconf 79' lang='grc' dir='ltr'><strong><em>νιφομένης</em></strong></span> <span class='ocrx_word' id='word_1_40' title='bbox 967 769 1082 823; x_wconf 70' lang='grc' dir='ltr'><em>ἀμφὶ</em></span> <span class='ocrx_word' id='word_1_41' title='bbox 1108 769 1381 823; x_wconf 87' lang='grc' dir='ltr'><em>Μολουριάδος</em></span> <span class='ocrx_word' id='word_1_42' title='bbox 1396 786 1407 795; x_wconf 93' lang='grc'><em>·</em></span> 
     </span>
     <span class='ocr_line' id='line_1_8' title="bbox 433 844 1616 903; baseline 0.006 -17"><span class='ocrx_word' id='word_1_43' title='bbox 433 847 499 886; x_wconf 81' lang='grc' dir='ltr'><em>νῦν</em></span> <span class='ocrx_word' id='word_1_44' title='bbox 525 844 600 887; x_wconf 86' lang='grc' dir='ltr'><em>δ’ὁ</em></span> <span class='ocrx_word' id='word_1_45' title='bbox 625 845 701 897; x_wconf 81' lang='grc' dir='ltr'><em>μὲν</em></span> <span class='ocrx_word' id='word_1_46' title='bbox 726 847 767 889; x_wconf 81' lang='grc' dir='ltr'><em>ἐν</em></span> <span class='ocrx_word' id='word_1_47' title='bbox 794 846 926 901; x_wconf 81' lang='grc' dir='ltr'><em>πόντῳ</em></span> <span class='ocrx_word' id='word_1_48' title='bbox 955 847 1110 901; x_wconf 85' lang='grc' dir='ltr'><em>κρυερὸς</em></span> <span class='ocrx_word' id='word_1_49' title='bbox 1140 847 1253 896; x_wconf 82' lang='grc' dir='ltr'><em>νέκυς</em></span> <span class='ocrx_word' id='word_1_50' title='bbox 1270 863 1279 873; x_wconf 93' lang='grc'><em>·</em></span> <span class='ocrx_word' id='word_1_51' title='bbox 1312 850 1346 891; x_wconf 89' lang='grc' dir='ltr'><em>οἱ</em></span> <span class='ocrx_word' id='word_1_52' title='bbox 1373 849 1414 892; x_wconf 83' lang='grc' dir='ltr'><em>δὲ</em></span> <span class='ocrx_word' id='word_1_53' title='bbox 1445 850 1616 903; x_wconf 81' lang='grc' dir='ltr'><em>βαρεῖαν</em></span> 
     </span>
     <span class='ocr_line' id='line_1_9' title="bbox 552 923 1367 980; baseline 0.004 -15"><span class='ocrx_word' id='word_1_54' title='bbox 552 923 760 972; x_wconf 85' lang='grc' dir='ltr'><em>ναυτιλίην</em></span> <span class='ocrx_word' id='word_1_55' title='bbox 790 924 913 967; x_wconf 80' lang='grc' dir='ltr'><em>κενεοὶ</em></span> <span class='ocrx_word' id='word_1_56' title='bbox 945 925 1040 979; x_wconf 69' lang='grc' dir='ltr'><em>τῇδε</em></span> <span class='ocrx_word' id='word_1_57' title='bbox 1071 926 1195 977; x_wconf 79' lang='grc' dir='ltr'><em>βοῶσι</em></span> <span class='ocrx_word' id='word_1_58' title='bbox 1226 926 1367 980; x_wconf 79' lang='grc' dir='ltr'><em>τάφοι.</em></span> 
     </span>
     <span class='ocr_line' id='line_1_10' title="bbox 317 999 1077 1054; baseline 0.007 -12"><span class='ocrx_word' id='word_1_59' title='bbox 317 1007 361 1042; x_wconf 83' lang='lat' dir='ltr'><em>et</em></span> <span class='ocrx_word' id='word_1_60' title='bbox 385 999 520 1043; x_wconf 82' lang='lat' dir='ltr'>altero</span> <span class='ocrx_word' id='word_1_61' title='bbox 553 1001 799 1045; x_wconf 82' lang='lat' dir='ltr'>Callimachi</span> <span class='ocrx_word' id='word_1_62' title='bbox 828 1003 908 1046; x_wconf 81' lang='lat' dir='ltr'><em>v11</em></span> <span class='ocrx_word' id='word_1_63' title='bbox 930 1036 941 1054; x_wconf 92' lang='lat'><em>,</em></span> <span class='ocrx_word' id='word_1_64' title='bbox 975 1006 1077 1048; x_wconf 86' lang='lat'><strong>271.</strong></span> 
     </span>
     <span class='ocr_line' id='line_1_11' title="bbox 427 1080 1610 1136; baseline 0.005 -15"><span class='ocrx_word' id='word_1_65' title='bbox 427 1080 607 1133; x_wconf 70' lang='grc' dir='ltr'><em>νΩςῡελε</em></span> <span class='ocrx_word' id='word_1_66' title='bbox 636 1080 731 1130; x_wconf 85' lang='grc' dir='ltr'><em>μηδ’</em></span> <span class='ocrx_word' id='word_1_67' title='bbox 763 1080 945 1131; x_wconf 71' lang='grc' dir='ltr'><em>ἐγένοντο</em></span> <span class='ocrx_word' id='word_1_68' title='bbox 977 1082 1061 1124; x_wconf 80' lang='grc' dir='ltr'><em>θοαὶ</em></span> <span class='ocrx_word' id='word_1_69' title='bbox 1095 1081 1177 1130; x_wconf 83' lang='grc' dir='ltr'><em>νέες</em></span> <span class='ocrx_word' id='word_1_70' title='bbox 1197 1096 1207 1106; x_wconf 89' lang='grc'><em>·</em></span> <span class='ocrx_word' id='word_1_71' title='bbox 1240 1084 1283 1125; x_wconf 82' lang='grc' dir='ltr'><em>οὖ</em></span> <span class='ocrx_word' id='word_1_72' title='bbox 1306 1083 1388 1136; x_wconf 71' lang='grc' dir='ltr'><em>γάρ</em></span> <span class='ocrx_word' id='word_1_73' title='bbox 1415 1082 1464 1127; x_wconf 75' lang='grc' dir='ltr'><em>ἂν</em></span> <span class='ocrx_word' id='word_1_74' title='bbox 1493 1087 1610 1136; x_wconf 75' lang='grc' dir='ltr'><em>ἡμεῖς</em></span> 
     </span>
     <span class='ocr_line' id='line_1_12' title="bbox 549 1158 1414 1213; baseline 0.005 -13"><span class='ocrx_word' id='word_1_75' title='bbox 549 1158 684 1201; x_wconf 82' lang='grc' dir='ltr'><em>παῖδα</em></span> <span class='ocrx_word' id='word_1_76' title='bbox 707 1159 938 1213; x_wconf 71' lang='grc' dir='ltr'><em>Διοκλείδου</em></span> <span class='ocrx_word' id='word_1_77' title='bbox 966 1161 1150 1203; x_wconf 77' lang='grc' dir='ltr'><em>Σώπολιν</em></span> <span class='ocrx_word' id='word_1_78' title='bbox 1177 1161 1414 1213; x_wconf 78' lang='grc' dir='ltr'><em>ε’στένομεν·</em></span> 
     </span>
     <span class='ocr_line' id='line_1_13' title="bbox 433 1237 1754 1294; baseline 0.006 -15"><span class='ocrx_word' id='word_1_79' title='bbox 433 1240 501 1280; x_wconf 77' lang='grc' dir='ltr'><em>νῦν</em></span> <span class='ocrx_word' id='word_1_80' title='bbox 530 1237 565 1280; x_wconf 89' lang='grc' dir='ltr'><em>δ’</em></span> <span class='ocrx_word' id='word_1_81' title='bbox 592 1238 611 1280; x_wconf 82' lang='grc' dir='ltr'><em>ὃ</em></span> <span class='ocrx_word' id='word_1_82' title='bbox 641 1239 717 1289; x_wconf 84' lang='grc' dir='ltr'><em>μὲν</em></span> <span class='ocrx_word' id='word_1_83' title='bbox 746 1239 805 1294; x_wconf 81' lang='grc' dir='ltr'><em>εἶν</em></span> <span class='ocrx_word' id='word_1_84' title='bbox 836 1239 910 1281; x_wconf 76' lang='grc' dir='ltr'><em>ἁλί</em></span> <span class='ocrx_word' id='word_1_85' title='bbox 939 1254 1016 1281; x_wconf 89' lang='grc' dir='ltr'><em>που</em></span> <span class='ocrx_word' id='word_1_86' title='bbox 1046 1238 1218 1293; x_wconf 78' lang='grc' dir='ltr'><em>φέρεται</em></span> <span class='ocrx_word' id='word_1_87' title='bbox 1245 1240 1358 1288; x_wconf 81' lang='grc' dir='ltr'><em>νέκυς</em></span> <span class='ocrx_word' id='word_1_88' title='bbox 1378 1255 1388 1266; x_wconf 88' lang='grc'><em>·</em></span> <span class='ocrx_word' id='word_1_89' title='bbox 1414 1242 1511 1285; x_wconf 74' lang='grc' dir='ltr'><em>ἀντὶ</em></span> <span class='ocrx_word' id='word_1_90' title='bbox 1543 1242 1577 1285; x_wconf 87' lang='grc' dir='ltr'><em>δ’</em></span> <span class='ocrx_word' id='word_1_91' title='bbox 1608 1243 1754 1287; x_wconf 85' lang='grc' dir='ltr'><em>ἐκείνου</em></span> 
     </span>
     <span class='ocr_line' id='line_1_14' title="bbox 549 1315 1448 1372; baseline 0.004 -14"><span class='ocrx_word' id='word_1_92' title='bbox 549 1315 702 1369; x_wconf 85' lang='grc' dir='ltr'><em>οὔνομα</em></span> <span class='ocrx_word' id='word_1_93' title='bbox 729 1316 798 1360; x_wconf 79' lang='grc' dir='ltr'><em>καὶ</em></span> <span class='ocrx_word' id='word_1_94' title='bbox 827 1317 958 1360; x_wconf 81' lang='grc' dir='ltr'><em>κενεὸν</em></span> <span class='ocrx_word' id='word_1_95' title='bbox 988 1323 1104 1369; x_wconf 78' lang='grc' dir='ltr'><em>σῆμα</em></span> <span class='ocrx_word' id='word_1_96' title='bbox 1134 1317 1448 1372; x_wconf 83' lang='grc' dir='ltr'><em>παρερχόμεθα,</em></span> 
     </span>
     <span class='ocr_line' id='line_1_15' title="bbox 315 1392 1751 1458; baseline 0.006 -22"><span class='ocrx_word' id='word_1_97' title='bbox 315 1392 597 1437; x_wconf 83' lang='lat' dir='ltr'>demonstravi</span> <span class='ocrx_word' id='word_1_98' title='bbox 628 1409 758 1436; x_wconf 90' lang='lat' dir='ltr'>unum</span> <span class='ocrx_word' id='word_1_99' title='bbox 784 1395 1066 1452; x_wconf 82' lang='lat' dir='ltr'>effingendum</span> <span class='ocrx_word' id='word_1_100' title='bbox 1099 1411 1186 1439; x_wconf 84' lang='lat' dir='ltr'>esse</span> <span class='ocrx_word' id='word_1_101' title='bbox 1216 1396 1467 1442; x_wconf 75' lang='lat' dir='ltr'>Callimachi</span> <span class='ocrx_word' id='word_1_102' title='bbox 1498 1400 1751 1458; x_wconf 78' lang='lat' dir='ltr'>epigramma</span> 
     </span>
     <span class='ocr_line' id='line_1_16' title="bbox 318 1471 1342 1519; baseline 0.005 -5"><span class='ocrx_word' id='word_1_103' title='bbox 318 1471 421 1517; x_wconf 80' lang='lat' dir='ltr'>hoc:</span> <span class='ocrx_word' id='word_1_104' title='bbox 1340 1517 1342 1519; x_wconf 87' lang='lat'>.</span> 
     </span>
     <span class='ocr_line' id='line_1_17' title="bbox 433 1551 1502 1611; baseline 0.007 -18"><span class='ocrx_word' id='word_1_105' title='bbox 433 1551 566 1604; x_wconf 85' lang='grc' dir='ltr'><em>Ἠερίη</em></span> <span class='ocrx_word' id='word_1_106' title='bbox 595 1551 788 1606; x_wconf 87' lang='grc' dir='ltr'><em>Γεράνεια</em></span> <span class='ocrx_word' id='word_1_107' title='bbox 818 1553 942 1596; x_wconf 85' lang='grc' dir='ltr'><em>κακὸν</em></span> <span class='ocrx_word' id='word_1_108' title='bbox 971 1553 1131 1604; x_wconf 83' lang='grc' dir='ltr'><em>λέπας,</em></span> <span class='ocrx_word' id='word_1_109' title='bbox 1163 1556 1320 1610; x_wconf 82' lang='grc' dir='ltr'><strong><em>ὤφελες</em></strong></span> <span class='ocrx_word' id='word_1_110' title='bbox 1347 1557 1502 1611; x_wconf 74' lang='grc' dir='ltr'><em>Ἴστρον</em></span> 
     </span>
     <span class='ocr_line' id='line_1_18' title="bbox 548 1632 1534 1688; baseline 0.006 -15"><span class='ocrx_word' id='word_1_111' title='bbox 548 1635 651 1680; x_wconf 77' lang='grc' dir='ltr'><em>τῆλε</em></span> <span class='ocrx_word' id='word_1_112' title='bbox 678 1632 747 1674; x_wconf 81' lang='grc' dir='ltr'><em>καὶ</em></span> <span class='ocrx_word' id='word_1_113' title='bbox 775 1633 816 1675; x_wconf 82' lang='grc' dir='ltr'><em>ἐν</em></span> <span class='ocrx_word' id='word_1_114' title='bbox 844 1632 1025 1676; x_wconf 85' lang='grc' dir='ltr'><em>Σκυθέων</em></span> <span class='ocrx_word' id='word_1_115' title='bbox 1052 1635 1205 1688; x_wconf 83' lang='grc' dir='ltr'><em>μακρὸν</em></span> <span class='ocrx_word' id='word_1_116' title='bbox 1229 1634 1323 1688; x_wconf 77' lang='grc' dir='ltr'><em>ὅροῖν</em></span> <span class='ocrx_word' id='word_1_117' title='bbox 1353 1635 1534 1686; x_wconf 79' lang='grc' dir='ltr'><em>Τάναϊν,</em></span> 
     </span>
     <span class='ocr_line' id='line_1_19' title="bbox 432 1709 1527 1766; baseline 0.006 -15"><span class='ocrx_word' id='word_1_118' title='bbox 432 1709 534 1760; x_wconf 75' lang='grc' dir='ltr'><em>μηδὲ</em></span> <span class='ocrx_word' id='word_1_119' title='bbox 562 1709 696 1758; x_wconf 90' lang='grc' dir='ltr'><em>πέλας</em></span> <span class='ocrx_word' id='word_1_120' title='bbox 723 1711 846 1754; x_wconf 84' lang='grc' dir='ltr'><em>ναίειν</em></span> <span class='ocrx_word' id='word_1_121' title='bbox 871 1713 1132 1766; x_wconf 79' lang='grc' dir='ltr'><em>’Σκειρωνικὸν</em></span> <span class='ocrx_word' id='word_1_122' title='bbox 1163 1711 1289 1765; x_wconf 85' lang='grc' dir='ltr'><em>οἶδμα</em></span> <span class='ocrx_word' id='word_1_123' title='bbox 1317 1714 1527 1763; x_wconf 87' lang='grc' dir='ltr'><em>θαλάσσης</em></span> 
     </span>
     <span class='ocr_line' id='line_1_20' title="bbox 550 1788 1421 1847; baseline 0.007 -16"><span class='ocrx_word' id='word_1_124' title='bbox 550 1788 692 1841; x_wconf 73' lang='grc' dir='ltr'><em>ἄγκεα</em></span> <span class='ocrx_word' id='word_1_125' title='bbox 722 1789 939 1844; x_wconf 78' lang='grc' dir='ltr'><em>νιφομένης</em></span> <span class='ocrx_word' id='word_1_126' title='bbox 970 1792 1085 1846; x_wconf 76' lang='grc' dir='ltr'><em>άμφὶ</em></span> <span class='ocrx_word' id='word_1_127' title='bbox 1117 1793 1390 1847; x_wconf 88' lang='grc' dir='ltr'><em>Μολουριάδος</em></span> <span class='ocrx_word' id='word_1_128' title='bbox 1410 1809 1421 1819; x_wconf 86' lang='grc'><em>·</em></span> 
     </span>
     <span class='ocr_line' id='line_1_21' title="bbox 393 1863 1583 1925; baseline 0.007 -17"><span class='ocrx_word' id='word_1_129' title='bbox 393 1909 396 1911; x_wconf 80' lang='grc'><strong>,</strong></span> <span class='ocrx_word' id='word_1_130' title='bbox 431 1867 567 1920; x_wconf 82' lang='grc' dir='ltr'><em>ὤφελε</em></span> <span class='ocrx_word' id='word_1_131' title='bbox 591 1867 688 1918; x_wconf 88' lang='grc' dir='ltr'><em>μηδ’</em></span> <span class='ocrx_word' id='word_1_132' title='bbox 715 1867 896 1919; x_wconf 73' lang='grc' dir='ltr'><em>ἐγένοντο</em></span> <span class='ocrx_word' id='word_1_133' title='bbox 928 1870 1012 1912; x_wconf 80' lang='grc' dir='ltr'><em>θοαὶ</em></span> <span class='ocrx_word' id='word_1_134' title='bbox 1044 1870 1127 1918; x_wconf 83' lang='grc' dir='ltr'><em>νέες</em></span> <span class='ocrx_word' id='word_1_135' title='bbox 1147 1863 1165 1896; x_wconf 50' lang='grc'><em>·’</em></span> <span class='ocrx_word' id='word_1_136' title='bbox 1196 1873 1242 1915; x_wconf 76' lang='grc' dir='ltr'><em>οὐ</em></span> <span class='ocrx_word' id='word_1_137' title='bbox 1265 1872 1350 1925; x_wconf 72' lang='grc' dir='ltr'><em>γάρ</em></span> <span class='ocrx_word' id='word_1_138' title='bbox 1383 1872 1435 1915; x_wconf 75' lang='grc' dir='ltr'><em>ἂν</em></span> <span class='ocrx_word' id='word_1_139' title='bbox 1466 1876 1583 1925; x_wconf 76' lang='grc' dir='ltr'><em>ἡμεῖς</em></span> 
     </span>
     <span class='ocr_line' id='line_1_22' title="bbox 527 1944 1428 2001; baseline 0.004 -13"><span class='ocrx_word' id='word_1_140' title='bbox 527 1944 683 1988; x_wconf 78' lang='grc' dir='ltr'><em>παῖδα</em></span> <span class='ocrx_word' id='word_1_141' title='bbox 708 1946 942 1988; x_wconf 74' lang='grc' dir='ltr'><em>Διοκλείδου</em></span> <span class='ocrx_word' id='word_1_142' title='bbox 969 1948 1154 1990; x_wconf 80' lang='grc' dir='ltr'><em>Σώπολιν</em></span> <span class='ocrx_word' id='word_1_143' title='bbox 1184 1949 1399 2001; x_wconf 77' lang='grc' dir='ltr'><em>ε’στένομεν</em></span> <span class='ocrx_word' id='word_1_144' title='bbox 1417 1966 1428 1975; x_wconf 90' lang='grc'><em>·</em></span> 
     </span>
     <span class='ocr_line' id='line_1_23' title="bbox 432 2022 1722 2086; baseline 0.006 -22"><span class='ocrx_word' id='word_1_145' title='bbox 432 2025 500 2065; x_wconf 82' lang='grc' dir='ltr'><em>νῦν</em></span> <span class='ocrx_word' id='word_1_146' title='bbox 525 2022 559 2064; x_wconf 87' lang='grc' dir='ltr'><em>δ’</em></span> <span class='ocrx_word' id='word_1_147' title='bbox 585 2023 604 2064; x_wconf 82' lang='grc' dir='ltr'><strong><em>ὅ</em></strong></span> <span class='ocrx_word' id='word_1_148' title='bbox 630 2022 707 2074; x_wconf 79' lang='grc' dir='ltr'><em>μὲν</em></span> <span class='ocrx_word' id='word_1_149' title='bbox 733 2023 789 2065; x_wconf 81' lang='grc' dir='ltr'><em>εἰν</em></span> <span class='ocrx_word' id='word_1_150' title='bbox 817 2023 893 2066; x_wconf 77' lang='grc' dir='ltr'><em>άλί</em></span> <span class='ocrx_word' id='word_1_151' title='bbox 916 2039 992 2066; x_wconf 91' lang='grc' dir='ltr'><em>που</em></span> <span class='ocrx_word' id='word_1_152' title='bbox 1017 2024 1187 2078; x_wconf 83' lang='grc' dir='ltr'><em>φέρεται</em></span> <span class='ocrx_word' id='word_1_153' title='bbox 1219 2025 1357 2086; x_wconf 71' lang='grc' dir='ltr'><em>νέκυς·</em></span> <span class='ocrx_word' id='word_1_154' title='bbox 1387 2028 1480 2070; x_wconf 72' lang='grc' dir='ltr'><em>ἀντὶ</em></span> <span class='ocrx_word' id='word_1_155' title='bbox 1511 2027 1546 2070; x_wconf 88' lang='grc' dir='ltr'><em>δ’</em></span> <span class='ocrx_word' id='word_1_156' title='bbox 1574 2028 1722 2072; x_wconf 81' lang='grc' dir='ltr'><em>ἐκείνου</em></span> 
     </span>
     <span class='ocr_line' id='line_1_24' title="bbox 550 2099 1438 2157; baseline 0.006 -15"><span class='ocrx_word' id='word_1_157' title='bbox 550 2099 702 2151; x_wconf 80' lang='grc' dir='ltr'><em>οὕνομα</em></span> <span class='ocrx_word' id='word_1_158' title='bbox 727 2101 796 2143; x_wconf 81' lang='grc' dir='ltr'><em>καὶ</em></span> <span class='ocrx_word' id='word_1_159' title='bbox 825 2102 956 2143; x_wconf 81' lang='grc' dir='ltr'><em>κενεὸν</em></span> <span class='ocrx_word' id='word_1_160' title='bbox 987 2107 1103 2153; x_wconf 79' lang='grc' dir='ltr'><em>σῆμα</em></span> <span class='ocrx_word' id='word_1_161' title='bbox 1134 2104 1438 2157; x_wconf 82' lang='grc' dir='ltr'><em>παρερχόμεθα.</em></span> 
     </span>
     <span class='ocr_line' id='line_1_25' title="bbox 317 2176 1752 2238; baseline 0.01 -21"><span class='ocrx_word' id='word_1_162' title='bbox 317 2176 427 2234; x_wconf 90' lang='lat' dir='ltr'>quod</span> <span class='ocrx_word' id='word_1_163' title='bbox 467 2177 578 2220; x_wconf 89' lang='lat' dir='ltr'>enim</span> <span class='ocrx_word' id='word_1_164' title='bbox 611 2179 788 2221; x_wconf 84' lang='lat' dir='ltr'>carmini</span> <span class='ocrx_word' id='word_1_165' title='bbox 817 2179 931 2238; x_wconf 92' lang='lat' dir='ltr'>quod</span> <span class='ocrx_word' id='word_1_166' title='bbox 962 2179 1251 2225; x_wconf 81' lang='lat' dir='ltr'>Simonideum</span> <span class='ocrx_word' id='word_1_167' title='bbox 1285 2182 1444 2226; x_wconf 85' lang='lat' dir='ltr'>dicitur</span> <span class='ocrx_word' id='word_1_168' title='bbox 1470 2184 1655 2228; x_wconf 87' lang='lat' dir='ltr'>affictum</span> <span class='ocrx_word' id='word_1_169' title='bbox 1690 2194 1752 2231; x_wconf 74' lang='lat' dir='ltr'><em>est</em></span> 
     </span>
     <span class='ocr_line' id='line_1_26' title="bbox 315 2249 1754 2322; baseline 0.008 -26"><span class='ocrx_word' id='word_1_170' title='bbox 315 2253 525 2298; x_wconf 81' lang='lat' dir='ltr'>distichon</span> <span class='ocrx_word' id='word_1_171' title='bbox 544 2289 554 2307; x_wconf 95' lang='lat'>,</span> <span class='ocrx_word' id='word_1_172' title='bbox 588 2255 695 2300; x_wconf 91' lang='lat' dir='ltr'>nihil</span> <span class='ocrx_word' id='word_1_173' title='bbox 719 2265 780 2300; x_wconf 85' lang='lat' dir='ltr'><em>cst</em></span> <span class='ocrx_word' id='word_1_174' title='bbox 809 2258 890 2301; x_wconf 84' lang='lat' dir='ltr'>nisi</span> <span class='ocrx_word' id='word_1_175' title='bbox 915 2267 1078 2316; x_wconf 80' lang='lat' dir='ltr'>pannus</span> <span class='ocrx_word' id='word_1_176' title='bbox 1109 2267 1268 2302; x_wconf 74' lang='lat' dir='ltr'>assutus</span> <span class='ocrx_word' id='word_1_177' title='bbox 1295 2269 1342 2303; x_wconf 90' lang='lat' dir='ltr'><em>ut</em></span> <span class='ocrx_word' id='word_1_178' title='bbox 1371 2249 1410 2304; x_wconf 78' lang='lat' dir='ltr'><em>ei</em></span> <span class='ocrx_word' id='word_1_179' title='bbox 1438 2263 1596 2320; x_wconf 84' lang='lat' dir='ltr'>species</span> <span class='ocrx_word' id='word_1_180' title='bbox 1627 2278 1754 2322; x_wconf 85' lang='lat' dir='ltr'>quae·-</span> 
     </span>
     <span class='ocr_line' id='line_1_27' title="bbox 316 2332 1753 2393; baseline 0.007 -17"><span class='ocrx_word' id='word_1_181' title='bbox 316 2332 411 2377; x_wconf 89' lang='lat' dir='ltr'>dam</span> <span class='ocrx_word' id='word_1_182' title='bbox 441 2335 695 2393; x_wconf 80' lang='lat' dir='ltr'>integritatis</span> <span class='ocrx_word' id='word_1_183' title='bbox 712 2335 1012 2379; x_wconf 71' lang='lat' dir='ltr'>conciliaretur</span> <span class='ocrx_word' id='word_1_184' title='bbox 1030 2369 1041 2387; x_wconf 91' lang='lat'><em>‚</em></span> <span class='ocrx_word' id='word_1_185' title='bbox 1076 2337 1140 2380; x_wconf 82' lang='lat' dir='ltr'><em>vel</em></span> <span class='ocrx_word' id='word_1_186' title='bbox 1169 2338 1330 2381; x_wconf 83' lang='lat' dir='ltr'>varians</span> <span class='ocrx_word' id='word_1_187' title='bbox 1358 2339 1485 2383; x_wconf 83' lang='lat' dir='ltr'>lectio</span> <span class='ocrx_word' id='word_1_188' title='bbox 1513 2341 1683 2385; x_wconf 87' lang='lat' dir='ltr'>distichi</span> <span class='ocrx_word' id='word_1_189' title='bbox 1706 2358 1753 2386; x_wconf 86' lang='lat' dir='ltr'><em>ex</em></span> 
     </span>
     <span class='ocr_line' id='line_1_28' title="bbox 315 2412 1752 2478; baseline 0.007 -23"><span class='ocrx_word' id='word_1_190' title='bbox 315 2412 478 2456; x_wconf 81' lang='lat' dir='ltr'>diversa</span> <span class='ocrx_word' id='word_1_191' title='bbox 507 2415 748 2457; x_wconf 82' lang='lat' dir='ltr'>recensione</span> <span class='ocrx_word' id='word_1_192' title='bbox 776 2422 882 2458; x_wconf 86' lang='lat' dir='ltr'>orta.</span> <span class='ocrx_word' id='word_1_193' title='bbox 946 2415 1009 2458; x_wconf 89' lang='lat' dir='ltr'>Ita</span> <span class='ocrx_word' id='word_1_194' title='bbox 1034 2416 1075 2458; x_wconf 85' lang='lat' dir='ltr'><em>in</em></span> <span class='ocrx_word' id='word_1_195' title='bbox 1098 2418 1397 2475; x_wconf 83' lang='lat' dir='ltr'>epigrammate</span> <span class='ocrx_word' id='word_1_196' title='bbox 1425 2420 1637 2478; x_wconf 80' lang='lat' dir='ltr'>Antipatri</span> <span class='ocrx_word' id='word_1_197' title='bbox 1660 2421 1721 2465; x_wconf 73' lang='lat' dir='ltr'><em>lx</em></span> <span class='ocrx_word' id='word_1_198' title='bbox 1742 2453 1752 2472; x_wconf 90' lang='lat'><strong>,</strong></span> 
     </span>
     <span class='ocr_line' id='line_1_29' title="bbox 322 2493 496 2537; baseline 0.023 -4"><span class='ocrx_word' id='word_1_199' title='bbox 322 2493 419 2537; x_wconf 85' lang='lat'>150.</span> <span class='ocrx_word' id='word_1_200' title='bbox 457 2496 496 2537; x_wconf 88' lang='lat' dir='ltr'><em>l.</em></span> 
     </span>
     <span class='ocr_line' id='line_1_30' title="bbox 431 2571 1585 2629; baseline 0.006 -15"><span class='ocrx_word' id='word_1_201' title='bbox 431 2574 614 2619; x_wconf 74' lang='grc' dir='ltr'><em>Πλοῦτος</em></span> <span class='ocrx_word' id='word_1_202' title='bbox 640 2571 866 2628; x_wconf 77' lang='grc' dir='ltr'><em>Ἀριστείδη</em></span> <span class='ocrx_word' id='word_1_203' title='bbox 888 2571 1069 2624; x_wconf 87' lang='grc' dir='ltr'><em>δάμαλις</em></span> <span class='ocrx_word' id='word_1_204' title='bbox 1100 2573 1180 2625; x_wconf 88' lang='grc' dir='ltr'><em>μία</em></span> <span class='ocrx_word' id='word_1_205' title='bbox 1206 2576 1275 2618; x_wconf 78' lang='grc' dir='ltr'><em>καὶ</em></span> <span class='ocrx_word' id='word_1_206' title='bbox 1302 2576 1585 2629; x_wconf 80' lang='grc' dir='ltr'><em>τριχόμαλλος</em></span> 
     </span>
     <span class='ocr_line' id='line_1_31' title="bbox 552 2647 1458 2708; baseline 0.007 -16"><span class='ocrx_word' id='word_1_207' title='bbox 552 2647 598 2700; x_wconf 76' lang='grc' dir='ltr'><em>ἦν</em></span> <span class='ocrx_word' id='word_1_208' title='bbox 622 2648 680 2699; x_wconf 69' lang='grc' dir='ltr'><em>ι’ίίς</em></span> <span class='ocrx_word' id='word_1_209' title='bbox 698 2664 707 2674; x_wconf 91' lang='grc'><em>·</em></span> <span class='ocrx_word' id='word_1_210' title='bbox 740 2651 786 2693; x_wconf 81' lang='grc' dir='ltr'><em>ἐκ</em></span> <span class='ocrx_word' id='word_1_211' title='bbox 815 2651 966 2695; x_wconf 78' lang='grc' dir='ltr'><em>τούτων</em></span> <span class='ocrx_word' id='word_1_212' title='bbox 998 2652 1115 2703; x_wconf 85' lang='grc' dir='ltr'><em>λιμὸν</em></span> <span class='ocrx_word' id='word_1_213' title='bbox 1142 2650 1286 2696; x_wconf 81' lang='grc' dir='ltr'><em>ἔλαυνε</em></span> <span class='ocrx_word' id='word_1_214' title='bbox 1313 2654 1427 2708; x_wconf 80' lang='grc' dir='ltr'><em>θύρης</em></span> <span class='ocrx_word' id='word_1_215' title='bbox 1446 2687 1458 2703; x_wconf 85' lang='grc'><strong>,</strong></span> 
     </span>
     <span class='ocr_line' id='line_1_32' title="bbox 316 2729 1754 2791; baseline 0.004 -19"><span class='ocrx_word' id='word_1_216' title='bbox 316 2730 502 2773; x_wconf 83' lang='lat' dir='ltr'>variatur</span> <span class='ocrx_word' id='word_1_217' title='bbox 541 2732 583 2772; x_wconf 89' lang='lat' dir='ltr'><em>in</em></span> <span class='ocrx_word' id='word_1_218' title='bbox 628 2729 773 2772; x_wconf 88' lang='lat' dir='ltr'>codice</span> <span class='ocrx_word' id='word_1_219' title='bbox 811 2746 848 2775; x_wconf 91' lang='lat' dir='ltr'><em>c.</em></span> <span class='ocrx_word' id='word_1_220' title='bbox 878 2733 979 2776; x_wconf 87' lang='lat'><strong>255.</strong></span> <span class='ocrx_word' id='word_1_221' title='bbox 1013 2731 1086 2774; x_wconf 90' lang='lat' dir='ltr'><em>ubi</em></span> <span class='ocrx_word' id='word_1_222' title='bbox 1127 2730 1237 2776; x_wconf 89' lang='lat' dir='ltr'>idem</span> <span class='ocrx_word' id='word_1_223' title='bbox 1279 2732 1480 2791; x_wconf 87' lang='lat' dir='ltr'>Philippo</span> <span class='ocrx_word' id='word_1_224' title='bbox 1522 2734 1754 2787; x_wconf 83' lang='lat' dir='ltr'>tribuitur,</span> 
     </span>
    </p>
   </div>
   <div class='ocr_carea' id='block_1_3' title="bbox 323 2810 410 2850">
    <p class='ocr_par' dir='ltr' id='par_1_3' title="bbox 323 2810 410 2850">
     <span class='ocr_line' id='line_1_33' title="bbox 323 2810 410 2850; baseline 0 0"><span class='ocrx_word' id='word_1_225' title='bbox 323 2810 410 2850; x_wconf 89' lang='lat' dir='ltr'>ita:</span> 
     </span>
    </p>
   </div>
  </div>
 </body>
</html>
