1794 3412
629 282 900 323 -117-

41 407 266 452 lectionem
307 405 501 450 defendit
548 413 590 449 et
635 406 864 465 explicuit:
914 407 1041 449 nihil
1082 407 1182 447 πίει·
1227 416 1419 460 anquene
1461 407 1502 442 et

35 488 270 548 gladium.
334 488 523 532 Heroum
550 487 661 530 enim
689 487 921 550 imagines,
959 500 1068 545 quae
1096 484 1350 545 plerumque
1372 497 1504 541 eque-

40 578 144 613 stres
187 577 341 620 erant,
388 579 435 612 ut
477 576 595 627 patet
637 584 694 612 ex.
729 583 788 612 vs.
824 570 900 618 4..‚
949 568 1074 611 armis
1129 566 1250 610 indui
1293 563 1503 609 solebant.

43 650 165 706 Quod
193 665 241 694 ex
267 649 349 693 hoc
379 648 633 694 Callimachi
660 648 757 693 loco
781 648 1028 692 coniectura
1056 647 1226 692 efficere
1257 660 1506 704 possumus,

41 730 112 774 sed
144 731 302 775 diserte
334 738 513 774 testatur
540 729 797 774 Scholiastes
828 729 880 772 ad
912 729 1046 772 Arist.
1082 728 1213 786 Vesp.
1241 729 1346 772 823.
1389 723 1509 779 εἷχονι

41 811 125 866 γὰρ
151 813 186 855 οἱ
213 812 333 867 ἥρωες
360 811 623 856 πανοπλίαν·
656 810 726 853 καὶ
750 810 869 860 δῆλον
896 810 943 852 ἐκ
967 813 1046 852 τῶν
1074 808 1334 852 Δαιταλέων.
1398 809 1506 851 Poe-

43 900 109 936 tae
142 908 284 937 versus
314 901 412 935 sunt
432 911 445 938 ε

220 974 362 1027 θήρῷον
391 972 514 1021 εἴπως
541 971 782 1024 ἐκκομίσαις
813 970 862 1014 τὸ
891 973 964 1013 τοῦ
992 969 1131 1013 Λύκου
1150 1002 1160 1011 .
1183 1002 1193 1012 .
1215 1003 1225 1012 .

218 1051 358 1096 οὔκουν
389 1052 480 1106 ἔχει
511 1054 557 1104 γ’
588 1052 669 1096 οὐδ’
701 1051 826 1100 αὐτὸς
860 1049 958 1105 ἥρως
991 1050 1042 1093 ὢν
1067 1047 1201 1099 ,δ’πλα.

43 1131 108 1177 Λᾶ
153 1132 282 1176 verba
336 1131 461 1183 λοξὸν·
496 1132 592 1188 ὅφιν
630 1132 778 1176 confer
824 1130 1046 1175 Plutarchi
1098 1132 1227 1185 verba
1283 1130 1503 1176 cleomen.

41 1229 81 1258 c.
108 1215 181 1258 39.
211 1213 376 1264 ὀλίγαις
404 1213 439 1256 δ’
471 1210 635 1267 ὕστερον
662 1212 833 1267 ἡμέραις
864 1213 898 1255 οἱ
925 1211 973 1255 τὸ
1005 1215 1128 1265 σῶμα
1152 1214 1226 1256 τοῦ
1253 1211 1509 1265 Κλεομένους

41 1292 445 1348 παραφυλάττοντες
479 1291 586 1338 εἶδον
621 1293 842 1346 εὐμεγέθηΔ
866 1292 1068 1347 δράκοντα
1088 1299 1161 1347 ’τῇ
1192 1296 1364 1349 κεφαλῇ
1395 1310 1508 1348 περι-

40 1373 347 1427 πεπλεγμένον.
380 1374 426 1417 ἐκ
458 1373 499 1416 δὲ
530 1372 675 1417 τούτου
710 1372 1006 1426 δεισιδαιμονία
1036 1373 1265 1428 προσέπεσε
1291 1375 1349 1428 τῷ
1380 1375 1511 1427 βασι-

41 1459 132 1504 λεῖ,
165 1457 215 1504 ὥς
243 1454 382 1509 ἀνδρὸς
409 1454 656 1510 ἀνῃρημένου
683 1455 897 1508 θεοφιλοῦς
923 1452 999 1497 καὶ
1015 1453 1240 1507 κρείττονος
1265 1456 1343 1506 τὴν
1361 1455 1506 1510 φύσιν.

44 1537 96 1579 Οἱ
125 1535 159 1579 δ’
187 1533 473 1589 Ἀλεξανδρεῖς
505 1534 574 1577 καὶ
602 1533 870 1588 προςέτρεχον
901 1536 1124 1588 φοιτῶντες
1162 1533 1230 1577 ἐπὶ
1259 1534 1329 1579 τὸν
1355 1535 1506 1586 τόπον,

42 1616 149 1670 ἥρωα
175 1615 244 1658 τὸν
270 1613 502 1666 Κλεομένην
529 1614 599 1657 καὶ
629 1614 726 1656 θεῶν
755 1613 890 1659 παῖδα
921 1614 1309 1668 προςαγορεύοντες.
1334 1642 1395 1650 —
1426 1618 1506 1660 Καὶ

41 1698 162 1740 τοῦτο
194 1693 430 1744 κατιδόντες
461 1696 496 1738 οἱ
528 1694 701 1739 παλαιοὶ
734 1693 930 1747 μαλιστα
959 1699 1039 1740 τῶν
1069 1694 1175 1750 ζῴων
1205 1696 1276 1740 τὸν
1307 1696 1510 1752 δράκοντα

35 1781 126 1825 τοῖς
159 1775 276 1830 ἥρωσι
309 1775 602 1830 συνῳκείωσαν.
671 1775 755 1820 Ubi
777 1776 976 1829 ’κρείττων
1008 1775 1122 1820 idem
1166 1778 1256 1821 fere
1297 1779 1510 1836 significat

41 1855 156 1916 quod
196 1856 310 1911 ἥρως.
384 1856 444 1901 Ut
485 1859 530 1901 in
575 1854 745 1900 Cimon.
788 1871 826 1900 c.
862 1858 933 1901 19.
975 1860 1124 1908 τιμῶσι
1164 1857 1206 1900 δὲ
1247 1858 1318 1901 καὶ
1356 1865 1511 1908 Κιτιεῖς

40 1936 178 1992 τάφον
207 1936 303 1981 τινα
346 1936 559 1988 Κίμωνος,
602 1938 656 1985 ὥς
699 1935 993 1990 Ναυσικράτης
1035 1938 1054 1979 ὁ
1093 1938 1220 1992 ῥήτωρ
1260 1938 1421 1993 φησὶν,
1470 1941 1510 1982 ἐν

41 2019 170 2072 λοιμῷ
200 2018 270 2061 καὶ
298 2021 378 2070 γῆς
407 2017 564 2072 ἀφορία
590 2019 662 2060 τοῦ
687 2017 775 2060 θεοῦ
803 2015 1110 2070 προςτοὶξαντος
1137 2019 1278 2067 αὐτοῖς
1310 2020 1370 2071 μὴ
1401 2021 1509 2073 οὶμε-

40 2104 127 2143 λεῖν
148 2098 330 2152 Κίμωνος
356 2099 458 2142 ἀλλ’
485 2100 536 2148 ὠς
562 2098 774 2152 κρείττονα
802 2098 999 2150 σέβεσθαι
1032 2097 1102 2142 καὶ
1129 2099 1356 2154 γεραίρειν,
1393 2102 1508 2160 quod

42 2180 182 2224 minus
214 2188 329 2223 recte
356 2187 398 2223 et
423 2178 506 2222 hoc
535 2178 633 2222 loco
655 2187 699 2222 et
726 2178 879 2236 Pyrrh.
910 2181 984 2224 24.
1049 2180 1172 2224 Marii
1203 2195 1240 2223 c.
1270 2184 1344 2227 27.
1379 2182 1509 2226 deum

43 2261 346 2320 interpretatus
385 2267 447 2302 est
484 2257 847 2316 Wyttenbachius
881 2260 924 2302 in
956 2259 1122 2305 Indice.
1187 2262 1247 2305 Ex
1279 2262 1362 2306 hoe
1395 2273 1512 2308 vete-

44 2357 137 2385 rum
168 2356 287 2384 more
314 2348 531 2399 serpen-tes
564 2339 769 2383 heroibus
801 2340 992 2383 sacrandi
1023 2341 1271 2400 explicanda
1305 2343 1413 2388 mihi
1447 2347 1510 2388 vi-

44 2421 169 2465 detur
201 2420 345 2464 sabula
375 2419 428 2464 de
460 2419 622 2464 Cadmo
656 2428 698 2464 et
729 2420 960 2465 Harmonia
988 2425 1030 2464 in
1062 2422 1294 2466 draconum
1328 2424 1511 2470 formam

45 2503 218 2546 mutatis
238 2535 248 2553 ‚
285 2502 315 2546 i.
350 2517 390 2546 e.
424 2500 629 2558 religione
659 2510 700 2543 et
729 2502 966 2544 reverentia
1008 2500 1210 2545 heroibus
1241 2502 1386 2548 debita
1417 2507 1508 2550 cul-

45 2583 125 2635 tis,
159 2590 202 2626 et
232 2583 274 2624 in
306 2596 356 2624 eo
389 2580 535 2623 lusisse
559 2580 726 2624 videtur
759 2581 1064 2641 Aristophanes
1097 2583 1224 2642 Vesp.
1253 2587 1355 2630 438.

163 2660 192 2704 ὦ
224 2661 387 2715 Κέκροψ
416 2660 513 2715 ἥρως
542 2659 653 2711 ἄναξ
683 2660 742 2704 τοὶ
772 2661 869 2716 πρὸς
901 2662 1028 2706 ποδῶν
1060 2664 1312 2718 Δρακοντίδη

165 2746 351 2798 περιορᾷς
381 2739 484 2785 οὕτω
515 2743 562 2793 μ’
595 2742 665 2784 ὑπ’
698 2741 846 2796 ἀνδρῶν
874 2741 1099 2797 βαρβαρων
1129 2745 1416 2798 χειρούμενον,

48 2822 102 2867 cl.
139 2838 197 2865 vs,
234 2825 330 2865 157.
366 2823 467 2865 ἀλλ’
495 2821 787 2877 ἀποφεύξεται
820 2823 1108 2877 Δρακοντίδης.

110 2902 183 2946 llis
217 2903 419 2948 accedant
451 2905 749 2962 inscriptiones
780 2905 939 2963 Anytes
974 2908 1026 2952 Δ.
1054 2907 1101 2951 Ρ.
1133 2906 1194 2950 IX
1217 2939 1227 2958 ,
1267 2909 1364 2950 144.
