1794 3412
950 277 1179 316 ...32-

515 397 682 443 Ἰλισσὸς
715 397 755 437 ἐν
786 400 837 449 τῇ
868 394 1025 448 φάρυγι
1058 398 1142 439 κτὲ.

338 474 393 518 Et
418 474 529 532 quod
546 475 587 516 in
611 473 818 516 Athenaei
843 471 962 515 libris
979 473 1158 530 legitur:
1193 471 1311 524 δόμος
1327 471 1489 527 ἔβρυεν,
1521 482 1768 534 corruptum

335 561 439 611 puto
476 566 554 595 ex:
601 550 728 599 πολὺς
761 550 931 604 ἔβρυεν,
966 549 1080 610 quod
1122 550 1307 609 vulgare.
1371 550 1524 596 Confer
1560 552 1767 598 Herodot.

335 629 438 672 VIII
455 660 468 680 ,
505 631 604 672 138.
635 628 653 670 ὃ
682 630 866 680 ποταμὸς
895 627 1008 682 ἐρρύη
1038 628 1191 681 μέγας.
1242 629 1424 689 Appian.
1460 639 1492 676 t.
1513 631 1532 674 Ι
1553 663 1566 683 ,
1599 646 1644 690 p.
1663 634 1767 687 236.

334 709 406 750 29.
438 708 509 749 τοῦ
540 705 623 759 γάρ
655 706 767 756 ἡλίου
792 708 865 756 την
894 705 1017 759 χιόνα
1047 706 1356 758 κατατήξαντος
1387 708 1406 750 ὂ
1437 709 1621 760 ποταμὸς
1652 710 1764 763 ἐρρύη

332 784 500 836 μέγας,
549 785 623 827 ubi
663 800 701 828 v.
746 784 1133 844 Schweighaeuser.
1181 794 1214 830 t.
1255 786 1350 840 111,
1395 801 1441 846 p.
1479 789 1581 831 349.
1630 788 1766 833 Koen.

332 864 459 922 Greg.
492 863 590 908 Cor.
622 879 669 922 p.
694 866 793 909 468.
825 863 997 910 Schaef.
1045 864 1186 908 Verbo
1209 864 1351 918 ἔβρυεν
1377 865 1612 909 evidentius
1642 881 1767 925 quarn

330 942 493 1001 vulgari
535 941 647 997 ἐρρύη
690 943 948 1001 significatur
991 942 1130 986 fervor
1170 943 1329 1001 ingenii
1355 942 1596 988 ebullientis
1619 952 1768 1003 poetae

330 1021 439 1080 poti.
501 1020 684 1064 Tandem
716 1036 775 1066 vs.
808 1023 834 1064 6
868 1020 1133 1065 Athenaeus:
1167 1019 1233 1064 οἷα
1262 1022 1330 1065 καὶ
1363 1022 1443 1072 σύ,
1479 1021 1762 1081 Anthologia:

327 1098 459 1153 ὥσπερ
479 1099 548 1142 καὶ
576 1099 652 1149 σύ,
687 1100 841 1159 quibus
873 1101 1108 1144 coniunctis
1135 1101 1309 1160 scripsit
1340 1098 1482 1155 οἷάπερ
1508 1101 1574 1145 σύ.
1639 1100 1765 1146 Certe

328 1179 399 1221 καί
420 1178 524 1221 mire
546 1178 731 1236 languet.

389 1257 501 1300 Ante
524 1255 816 1314 Asclepiadem
843 1265 886 1300 et
923 1256 1199 1301 Nicaenetum
1229 1272 1312 1301 non
1350 1266 1455 1316 puto
1485 1257 1618 1302 multa
1643 1257 1768 1301 huius

328 1336 563 1394 argumenti
603 1335 904 1394 epigrammata
935 1337 1089 1395 scripta
1121 1351 1209 1381 esse
1228 1369 1240 1389 ,
1274 1336 1342 1380 sed
1374 1338 1424 1380 iis
1457 1336 1768 1396 quodammodo

326 1413 572 1474 praelusisse
607 1413 693 1457 dici
729 1422 867 1473 potest
906 1414 1173 1467 Simonides,
1215 1415 1335 1458 cuius
1364 1414 1768 1469 αὖτοσχεδιάσματα

330 1493 527 1549 leguntur
554 1491 665 1551 apud
714 1492 978 1536 Athenaeum
1005 1493 1099 1544 111,
1133 1496 1188 1536 35
1221 1492 1270 1536 C.
1302 1493 1339 1536 X
1359 1525 1371 1545 ,
1407 1495 1491 1536 456
1523 1494 1573 1538 0.
1598 1493 1656 1538 I).
1691 1495 1766 1552 qui

326 1586 468 1614 versus
499 1586 605 1629 quos
635 1579 759 1630 poeta
788 1586 835 1614 ex
875 1580 1063 1629 tempore
1102 1572 1144 1613 in
1175 1570 1377 1614 conviviis
1408 1579 1451 1614 et
1481 1572 1597 1614 festis
1623 1568 1767 1624 fudit,

325 1647 633 1703 ἐπιγράμματα
677 1648 797 1693 dixit.
877 1649 1250 1706 Quorum‘unum
1292 1657 1473 1707 quatuor
1516 1647 1767 1694 hexametris

327 1728 532 1788 scriptum
563 1727 646 1771 hoc
685 1727 780 1771 loco
818 1742 1026 1786 apponam
1070 1737 1246 1787 propter
1290 1727 1626 1772 Chamaeleontis
1669 1744 1764 1772 ver-

329 1809 380 1849 ba
422 1806 563 1850 addita
608 1806 719 1865 apud
759 1806 917 1853 Athen.
948 1807 1017 1858 X,
1053 1809 1137 1851 456
1172 1807 1221 1852 C.
1269 1806 1451 1861 γριφώδη
1493 1806 1527 1849 δ’
1565 1806 1651 1850 ἐστὶ
1694 1807 1763 1851 καὶ

326 1888 465 1929 ταῦτα
503 1885 703 1940 Σιμωνίδῃ
742 1884 1028 1935 πεποιημένα,
1072 1884 1121 1933 ὥς
1160 1889 1263 1939 φησι
1304 1885 1550 1938 Χαμαιλέων
1587 1886 1606 1929 ὃ
1643 1890 1763 1941 Ἡρα-

327 1965 505 2014 κλεώτης
535 1964 576 2006 ἐν
599 1965 655 2018 τῷ
686 1962 774 2017 περὶ
808 1964 1029 2015 Σιμωνίδου
1050 1977 1061 1988 ·

445 2041 675 2094 Μιξονόμου
703 2059 749 2085 τε
780 2043 916 2096 πατὴρ
943 2042 1080 2097 ἐρίφου
1111 2041 1180 2085 καὶ
1213 2042 1408 2096 σχέτλιος
1439 2042 1556 2096 ἰχθὺς

443 2121 615 2171 πλησίον
647 2121 852 2174 ἠρείσαντο
883 2122 1102 2174 καρήατα,
1137 2121 1271 2164 παῖδα
1301 2120 1342 2163 δὲ
1373 2121 1513 2169 νυκτὸς

445 2199 655 2252 δεξάμενοι
681 2198 930 2254 βλεφάροισι
963 2199 1176 2243 Διωνύσοιο
1207 2198 1382 2248 ἄνακτος

443 2279 642 2334 βουφόνον
673 2280 745 2322 οὐκ
775 2278 951 2322 ἐθέλουσι
982 2280 1223 2328 τιθηνεῖσθαι
1255 2278 1494 2333 θεράποντα.

326 2358 432 2402 Φασὶ
460 2359 494 2401 δ’
520 2359 554 2401 οἱ
585 2359 661 2410 μὲν
698 2358 767 2401 ἐπί
802 2373 905 2406 τινος
937 2362 1014 2401 τῶν
1056 2358 1239 2412 άρχαίων
1274 2356 1547 2410 ἀναθημάτων
1578 2357 1618 2399 ἐν
1646 2364 1758 2400 Χαλ-

326 2438 402 2481 κίδι
435 2440 557 2481 ταῦτ’
588 2435 927 2491 ἐπιγεγράφθαι,
961 2437 1202 2487 πεποιῆσθαι
1233 2435 1268 2479 δ’
1295 2437 1335 2478 ἐν
1366 2437 1477 2490 αὐτῷ
1508 2434 1659 2490 τράγον
1690 2435 1758 2479 καὶ

325 2515 531 2570 δελφῖνα,
575 2515 664 2570 περὶ
705 2514 754 2559 ὧν
789 2514 890 2559 εἶναι
922 2516 990 2559 τὸν
1028 2515 1150 2568 λόγον
1181 2517 1334 2558 τοῦτον.
1403 2515 1485 2559 Ubi
1531 2515 1762 2559 notandum

326 2595 576 2638 vocabulum
617 2595 831 2649 ἀρχαίως
877 2596 1053 2638 sienim
1085 2595 1130 2637 hi
1170 2609 1307 2636 versus
1350 2593 1524 2636 donario
1569 2593 1758 2652 inscripti

326 2675 526 2725 suerunt,
560 2674 668 2718 illud
712 2676 809 2717 satis
846 2676 1068 2734 antiquum
1101 2674 1225 2716 fuisse
1254 2672 1353 2716 hinc
1382 2672 1603 2732 probabile
1642 2674 1756 2731 quod

327 2755 572 2813 antiquioris
603 2762 764 2798 tantum
796 2762 867 2797 aut
899 2754 1034 2798 multo
1060 2753 1266 2812 sequioris
1295 2753 1439 2796 aetatis
1468 2753 1758 2812 inscriptiones

327 2833 498 2876 heroico
542 2841 674 2879 metro
720 2834 979 2892 conscriptae
1021 2840 1145 2885 sunt,
1195 2846 1369 2891 quarum
1412 2832 1669 2890 antiquiores
1711 2847 1757 2875 ex
