1794 3412
678 222 948 263 —357-

137 345 185 391 P.
221 346 324 388 246.
363 345 431 388 12.
476 346 631 388 ταῦτα.
666 343 718 390 C.
750 342 904 399 ταύτᾳ.

136 450 197 458 —
228 426 332 470 265.
371 427 441 470 16.
485 424 680 479 Διονύσῳ.
713 422 766 470 C.
798 422 1005 478 Διωνύσῳ.

135 530 195 538 -
227 507 330 549 266.
366 508 439 551 13.
502 506 553 550 In
592 504 854 550 Dioscuridis
892 518 1014 549 versu
1054 503 1231 550 verbum
1268 505 1545 561 οὶναβλύζοιεν

74 586 234 631 rectius
261 587 578 630 intransitivum
605 584 756 630 haberi
783 582 970 631 videtur.
1036 585 1324 642 Quamobrem
1355 595 1542 647 praesta-

6 671 7 674 ’
78 666 144 710 bit
174 666 362 711 scribere
382 683 393 711 ε

196 747 442 802 αὐτόματαί
472 763 533 791 τοι
561 752 701 802 κρῆναι
730 744 1006 800 ἀναβλύζοιεν
1036 747 1254 801 ἀκρήτου

319 830 396 878 κήκ
426 826 625 883 μακάρων
656 825 833 882 προχοαὶ
865 825 1058 881 νέκταρος
1089 826 1334 882 ἀμβροσίου.

135 907 185 951 Ρ.
221 910 322 952 271.
356 910 430 953 23.
478 908 541 952 De
569 908 680 951 urbe
701 905 976 952 Macedoniae
1009 906 1221 952 Arethusa
1247 906 1396 951 confer
1428 907 1544 953 Plut.

75 986 164 1032 Vit.
207 986 395 1046 Lycurg.
431 1001 470 1033 c.
497 988 569 1030 31.
601 986 791 1042 κεραυνὸν
822 987 879 1036 εἷς
910 987 980 1030 τὸν
1011 988 1152 1042 ταφὸν
1181 991 1460 1042 κατασκῆψαι
1500 991 1546 1033 οὗ

74 1066 216 1122 ῥᾳδίως
263 1066 383 1122 ἑτέρῳ
428 1066 506 1111 τινὶ
554 1071 633 1110 τῶν
661 1066 878 1122 ἐπιφανῶν
919 1067 1029 1118 πλὴν
1070 1066 1268 1125 Εὐριπίδῃ
1314 1072 1546 1121 συμπεσεῖν

72 1145 237 1202 ὕστερον
263 1147 562 1198 τελευτήσαντι
595 1145 666 1190 καὶ
699 1146 881 1202 ταφέντι
910 1152 985 1197 τῆς
1016 1147 1278 1197 Μακεδονίας
1310 1149 1401 1203 περὶ
1433 1148 1548 1204 Ἀρέ-

76 1229 252 1279 θουσαν,
291 1226 565 1286 Moschopul.
606 1227 754 1286 Biogr.
789 1228 864 1271 Gr.
898 1242 942 1286 p.
977 1230 1077 1271 142.
1110 1230 1183 1273 23.
1218 1227 1343 1284 ἕτεροι
1373 1229 1410 1273 δ’
1437 1228 1547 1273 ἱστό·

72 1323 200 1362 ρησαν
227 1307 309 1361 οὐχ
339 1306 420 1350 ὑπὸ
448 1310 574 1351 κυνῶν
603 1307 707 1350 ἀλλ’
739 1306 818 1350 ὑπὸ
848 1309 1055 1359 γυναικῶν
1085 1307 1213 1352 αὐτὸν
1241 1308 1548 1360 διασπασθῆναι

70 1385 336 1442 πορευόμενον
376 1385 473 1441 ἀωρὶ
514 1386 612 1442 πρὸς
643 1384 846 1441 Κράτερον
887 1386 958 1430 τὸν
989 1386 1183 1442 ἐρώμενον
1211 1387 1477 1443 Ἀρχελάου,
1510 1391 1546 1434 οἱ

72 1467 114 1512 δὲ
141 1468 239 1522 πρὸς
270 1467 346 1518 τὴν
375 1466 572 1521 γαμετὴν
602 1466 819 1511 Νικοδίκου
850 1470 923 1511 τοῦ
954 1467 1222 1523 Ἀρεθουσίου.
1286 1470 1369 1513 Pro
1409 1470 1547 1514 forma

74 1547 281 1592 feminina
310 1545 490 1604 Μακέτῃ
525 1558 586 1592 nc·
607 1546 704 1607 quis
729 1545 928 1597 Μακέτι,
963 1548 995 1594 i.
1021 1563 1061 1594 e.
1093 1548 1302 1594 Μακέτιδι
1323 1551 1548 1610 requirat,

74 1627 309 1688 prohibent
332 1626 542 1687 Stephani
570 1628 767 1686 Byzantii
798 1627 928 1672 verba
958 1643 981 1671 a
1005 1629 1227 1674 Brunckio
1258 1630 1472 1691 adscripta
1504 1647 1548 1678 v.

73 1709 318 1759 Μακηδονία
334 1723 344 1733 ·
377 1706 556 1761 λέγεται
583 1708 653 1753 καὶ
672 1708 876 1759 Μακέτης
902 1709 1112 1764 ἀρσενικὸν
1137 1711 1208 1755 καὶ
1234 1711 1426 1762 Μακέτις
1442 1714 1548 1766 γυνὴ

73 1789 144 1833 καὶ
180 1788 398 1833 Mazaeum
439 1789 700 1839 ἐπιθετικῶς,
743 1791 796 1839 ὦς
827 1791 1098 1845 Ἡρακλείδης
1116 1825 1128 1842 ,
1177 1792 1248 1836 καὶ
1293 1792 1548 1838 Μάκεττα

73 1870 155 1913 διὰ
186 1869 268 1914 δύο
299 1886 327 1914 τ
358 1869 441 1912 καὶ
474 1869 537 1912 δι’
569 1868 704 1919 ἑνός,
741 1869 949 1916 callixen.
988 1870 1095 1917 Ath.
1123 1871 1177 1917 V.
1215 1874 1299 1917 198
1331 1873 1385 1920 Ε.

134 1950 184 1995 Ρ.
219 1952 323 1994 274.
361 1952 404 1992 7.
451 1949 685 1993 Deleantur
727 1949 886 1993 verba:
922 1949 1075 1993 ultima
1102 1975 1163 1986 --
1194 1965 1406 1997 moneam.

133 2055 194 2062 —
228 2032 333 2074 276.
367 2031 442 2074 25.
486 2028 586 2080 ἐγω.
622 2024 671 2071 C.
702 2026 802 2080 ἐγώ.

134 2135 195 2142 -
226 2111 334 2154 296.
370 2111 441 2153 17.
477 2107 746 2152 Vocabulum
775 2122 864 2152 non
882 2109 1022 2153 alieno
1035 2109 1131 2154 loco
1149 2111 1356 2156 insertum
1375 2122 1547 2159 senten-

78 2190 180 2234 tiam
204 2190 431 2248 pervertit.
499 2188 701 2249 Corrige:
738 2188 829 2233 Nec
857 2196 998 2234 tamen
1031 2191 1173 2235 minus
1205 2202 1303 2252 apte
1325 2195 1541 2254 corrigas:

76 2268 316 2324 τριετηρίσιν
343 2270 462 2323 ἱραῖς.
503 2268 813 2313 Graeceenim
846 2278 963 2314 recte
990 2269 1179 2315 dicitur:
1216 2273 1262 2316 αἱ
1286 2274 1545 2330 τριετηρίδες,

134 2351 183 2394 Ρ.
226 2351 330 2393 303.
365 2351 438 2393 23.
484 2346 639 2392 tribuit
672 2346 977 2397 Callimachus.
1015 2351 1066 2400 C.
1100 2353 1318 2399 tribuisset
1351 2354 1402 2403 G.

134 2454 195 2461 —
227 2431 331 2474 305.
366 2431 439 2474 31.
473 2424 718 2475 παλλαδίου.
755 2429 806 2475 G.
838 2430 1090 2476 παλλαδίου.

132 2535 194 2542 -
226 2513 327 2554 311.
362 2513 405 2554 7.
442 2509 716 2554 Aristoclem.
750 2509 801 2555 G.
838 2511 1158 2559 Aristocratem.

136 2616 196 2623 -—
226 2593 330 2633 316.
369 2592 439 2635 17.
475 2589 613 2635 duxit.
647 2589 699 2634 C.
735 2588 860 2635 dixit.

135 2696 196 2703 —
228 2674 329 2716 319.
366 2673 438 2715 10.
473 2672 513 2714 ἐν
541 2672 736 2720 Ἰταλοῖς.
770 2670 822 2717 C.
855 2672 896 2714 ἐν
929 2674 1074 2718 Ἀσίδι.

134 2778 195 2786 -
225 2754 328 2798 320.
364 2755 438 2798 21.
471 2753 522 2801 ὡς
556 2749 697 2806 πάρος.
732 2750 784 2798 G.
816 2753 894 2801 τὼς
922 2752 1063 2809 παρος.

688 2867 903 2888 4-
