1794 3412
0 287 3 360 ἓ

651 262 922 303 -127--

57 389 360 449 epigrammata
406 401 515 445 quae
549 385 757 446 Cephalus
797 386 1038 444 inscripsit:
1083 380 1399 438 ἐπιγράμματα
1438 381 1527 423 δια-

0 504 1 507 ¹
54 469 187 526 Φόρων
221 469 378 523 μέτρων
409 477 452 512 et
480 469 523 511 in
555 468 718 512 librum
758 467 986 510 Decimum
1015 466 1209 510 Tertium
1249 463 1428 508 collecta
1455 462 1528 506 de-

56 551 136 596 dit.
201 549 251 593 In
285 565 371 609 quo
405 548 456 592 ad
486 550 626 594 c.‹28.
663 548 923 607 adscriptum
955 547 1112 606 legitur
1144 553 1314 607 praeter
1341 544 1530 589 Simoni-

56 632 120 675 dis
150 646 330 675 nomen:
377 629 663 684 Καλλιμάχου
705 629 774 672 ἐπὶ
815 630 873 684 τῷ
914 629 1029 683 αὐτῷ
1070 627 1334 683 τετραμέτρῳ
1366 626 1529 671 ἑνδεκα-

54 713 296 765 velamem,
335 712 448 757 unde
482 712 680 755 nonnulli
714 711 977 771 epigramma
1001 709 1236 754 Simonidis
1264 706 1531 752 Callimacho

58 795 320 839 tribuerunt.
384 793 468 838 Sed
502 792 733 837 Simonidis
774 807 945 835 carmen
979 792 1239 850 sequebatur
1274 787 1532 834 Callimachi

58 876 318 934 epigramma
348 874 463 934 quod
495 875 606 918 inter
645 872 899 932 sepulcralia
935 873 979 916 in
1011 871 1169 916 Codice
1204 871 1399 915 Palatino
1425 869 1530 914 rela-

56 963 148 998 tum
189 964 324 999 exstat
351 955 462 1006 vn,
508 969 547 999 e.
575 955 677 998 728.
724 954 766 996 in
813 954 898 996 alio
940 952 1040 996 vero
1083 952 1530 1011 libross'manuscripto

55 1037 166 1080 inter
211 1036 516 1095 epigrammata
562 1035 667 1077 libri
714 1034 886 1078 Decimi
924 1034 1058 1078 Tertii
1111 1032 1352 1092 legebatur.
1422 1031 1530 1076 Inde

55 1116 209 1160 ductae
245 1116 372 1160 etiam
416 1115 621 1159 Simmiae
671 1115 973 1174 inscriptiones
1013 1113 1200 1163 Πέλεκυς
1234 1123 1278 1158 et
1315 1113 1527 1167 Πτέρυγες

49 1197 228 1251 Ἔρωτος
262 1196 315 1240 Α.
350 1196 400 1241 Ρ.
426 1195 534 1246 XV,
569 1197 625 1238 22
659 1203 701 1238 et
734 1198 809 1240 24.
844 1211 1024 1255 quarum
1059 1195 1166 1239 haec
1198 1204 1362 1238 statuae
1395 1195 1530 1238 Amo-

55 1278 112 1320 ris
140 1277 276 1320 alatae
297 1309 308 1328 ,
342 1277 385 1320 in
421 1275 583 1336 templo
615 1275 836 1319 dedicatae
867 1277 997 1320 incisa
1035 1276 1149 1328 fuit,
1185 1274 1291 1319 haec
1327 1276 1435 1334 Epei
1464 1290 1529 1318 se·

55 1358 178 1408 curi,
212 1373 356 1417 quam·
379 1356 558 1401 Athenis
590 1358 877 1404 asservabant.
939 1358 991 1402 In
1022 1358 1072 1400 iis
1099 1358 1329 1417 conspicua
1360 1356 1463 1400 felix
1486 1364 1530 1399 et

56 1438 190 1482 audax
230 1447 273 1482 et
313 1454 410 1482 sana
452 1438 583 1482 dictio
612 1448 656 1483 et
695 1447 834 1483 metro
877 1438 1172 1483 choriambico
1210 1454 1377 1498 semper
1420 1437 1530 1498 pede

57 1520 203 1564 demto
237 1519 508 1564 decrescente
540 1521 746 1564 facillima
782 1522 949 1564 ratione
974 1522 1190 1579 poematia
1214 1519 1527 1564 accommodari

56 1609 255 1660 poterant
288 1608 522 1644 statuarum
564 1600 721 1659 quibus
763 1602 1100 1644 inscriberentur
1142 1601 1320 1646 formae.
1387 1601 1528 1644 Etiam

59 1680 269 1725 Dosiadae
307 1682 391 1725 Ara
425 1682 649 1741 inscriptio
688 1681 770 1724 fuit
811 1696 921 1740 quae
952 1681 1067 1724 Arae
1104 1681 1175 1724 cui
1208 1682 1410 1741 inscripta
1438 1689 1530 1725 erat

54 1763 237 1820 figuram
269 1761 498 1807 referebat.
561 1761 612 1806 Id
643 1761 759 1820 quod
799 1761 1115 1806 demonstratur
1145 1778 1287 1806 versus
1314 1762 1530 1822 adscripta

55 1842 97 1887 in
132 1843 187 1887 Δ.
219 1843 268 1887 Ρ.
296 1842 405 1893 XV,
439 1845 514 1888 25.

173 1922 372 1966 Δωσιάδα
397 1922 754 1976 βωμὸς-Δωριέως
779 1920 823 1965 ὃν
848 1921 1002 1965 ἔστασε
1034 1920 1211 1974 μούσαις
1243 1923 1286 1965 ἐν
1313 1927 1400 1978 γᾷ,

11 2036 18 2045 .
58 2018 166 2063 quae
187 2003 315 2046 verba
343 2004 550 2047 facillime
578 2004 769 2047 numeris
802 2002 1108 2046 choriambicis
1136 2002 1403 2062 adstringas:

174 2084 373 2128 Δωσιάδα
399 2085 581 2139 Δωριέως
607 2085 750 2137 βωμὸς
778 2082 820 2127 ὃν
846 2083 992 2127 ἔστασ’
1025 2083 1088 2127 ἐνὶ
1106 2088 1178 2139 γᾷ
1201 2100 1225 2127 v
1257 2083 1463 2134 Μούσαις.

58 2165 231 2207 Poetam
272 2166 411 2224 ipsum
454 2181 539 2208 non
572 2165 786 2208 diversum
831 2164 969 2207 habeo
1005 2164 1060 2206 ab
1098 2163 1306 2208 historico
1349 2167 1426 2225 qui
1463 2182 1528 2210 res

60 2244 327 2289 Cretensium
375 2246 657 2304 perscripsit,
693 2262 734 2290 V.
769 2244 928 2289 Athen.
954 2245 1014 2288 IV
1035 2278 1046 2296 ‚
1085 2248 1185 2290 143.
1220 2247 1273 2301 Α.
1303 2247 1381 2298 Vl,
1422 2250 1529 2294 264.

61 2329 115 2371 Α.
154 2325 280 2370 Diod.
313 2325 402 2370 Sic.
428 2327 492 2378 V,
525 2328 599 2371 80.
664 2327 805 2370 Etiam
832 2327 1091 2386 epigramma
1125 2329 1180 2371 A.
1205 2327 1253 2372 Ρ.
1282 2328 1388 2379 Vll,
1426 2332 1527 2375 154.

59 2406 173 2466 quod
206 2407 335 2466 cippo
383 2406 647 2466 insculptum
688 2408 790 2466 legit
836 2408 960 2452 Paus.
985 2408 1031 2459 I,
1068 2410 1141 2451 43.
1175 2410 1218 2452 7.
1251 2424 1273 2450 a
1315 2409 1530 2468 Meleagro

57 2488 319 2546 descriptum
351 2496 457 2546 puto
478 2521 489 2539 ,
525 2489 628 2532 item
671 2487 887 2532 distichon
918 2490 960 2532 in
1004 2503 1162 2548 equum
1207 2488 1410 2533 Phidolae
1442 2491 1526 2543 vl,

31 2562 34 2565 ’
62 2571 160 2614 135.
199 2568 286 2611 basi
320 2569 574 2628 inscriptum
610 2570 708 2628 equi
740 2569 821 2612 deo
849 2569 982 2614 dicati
1016 2586 1058 2615 v.
1087 2571 1211 2614 Paus.
1247 2571 1305 2615 Vl
1327 2605 1337 2623 ‚
1376 2575 1446 2618 13.
1481 2577 1523 2618 5.

58 2657 100 2693 et
127 2649 207 2692 alia
253 2658 298 2692 ut
346 2649 560 2693 Leonidae
596 2652 860 2710 epigramma
888 2650 947 2694 vl
970 2684 982 2703 ‚
1020 2653 1121 2697 130.
1166 2652 1277 2712 apud
1320 2654 1443 2698 Paus.
1477 2655 1526 2707 Ι,

64 2732 133 2775 13.
166 2732 207 2773 2.
259 2730 476 2789 Antipatri
505 2745 678 2790 quoque
711 2730 884 2775 Sidonii
914 2733 1175 2792 epigramma
1218 2735 1262 2777 in
1291 2735 1526 2778 Homerum

65 2811 118 2855 Δ.
160 2811 207 2855 Ρ.
239 2809 350 2860 vn,
399 2813 443 2856 6.
494 2812 535 2855 in
583 2812 724 2872 lapide
765 2814 972 2872 scriptum
1016 2823 1182 2866 exstat,
1231 2815 1301 2859 sed
1345 2816 1526 2861 alterum

64 2890 247 2935 eiusdem
287 2901 435 2951 poetae
472 2894 513 2936 in
564 2894 795 2938 Homerum
836 2896 1095 2954 epigramma
1129 2897 1241 2949 Vll,
1278 2900 1319 2942 2.
1363 2897 1526 2949 ,deseri-
