1794 3412
926 272 1159 312 *96*-

327 394 367 438 in
401 410 460 440 vs.
492 398 537 437 ll
575 392 785 451 probabili
816 394 1056 437 coniectura
1086 394 1305 435 restituero
1335 395 1486 451 possist

553 469 630 514 οἷόν
660 487 705 513 τε
736 471 916 524 ψιλώθρῳ
945 470 1258 523 ἀπεψιλωμένον
1287 471 1441 514 ὅστεῦν.

321 552 379 596 Ut
416 566 503 593 ossa
543 548 751 592 denudata
786 548 978 592 dicantur
999 580 1009 598 ,
1043 557 1088 591 ut
1128 559 1252 608 caput
1292 549 1496 607 psilothro
1528 547 1743 607 epilatumt

317 629 400 673 Sed
441 630 614 672 fortasse
654 628 782 671 satius
824 629 876 670 sit
913 627 978 670 his
1014 643 1184 670 manum
1224 627 1476 684 abstine-re.v
1521 627 1616 671 Alia
1657 641 1748 670 cer-

319 710 370 750 tis
402 708 490 751 fere
526 706 890 751 emendationibus
925 705 978 748 ab
1011 706 1252 751 Hermanno
1281 715 1323 748 et
1360 706 1570 750 Meinekio
1608 715 1747 749 sanata

316 795 412 830 sunt
431 819 444 839 ,
477 795 544 830 ιη’
566 785 762 829 ultimum
801 784 1029 830 distichon.
1090 785 1175 829 Ubi
1205 784 1364 830 codex:
1409 786 1494 828 αἰὲν
1524 800 1662 828 τουτον
1692 786 1747 839 σῷ

313 865 594 919 μεμνημένος,
627 863 749 919 ἄχρις
779 866 924 919 ὅμιλῇς
952 863 1077 918 ζωῆς,
1111 863 1157 915 ἐξ
1182 862 1262 914 οἵης
1293 863 1506 919 ἧρμόνισας
1534 864 1745 916 καλάμης.

315 946 558 990 Hermanno
588 944 794 988 debeturt
841 944 920 987 αἰεὶ
951 945 1070 987 τοῦτο
1101 943 1171 997 νόῳ
1203 959 1251 995 μ.
1271 975 1284 993 ,
1327 953 1488 987 caetera
1519 943 1748 988 Meinekio.

314 1024 388 1069 vo.
420 1028 438 1068 l
487 1023 616 1068 codex
652 1024 828 1077 ὤνθρωπε
871 1021 985 1081 quod
1021 1022 1255 1066 Meinekius
1287 1025 1330 1066 in
1371 1025 1609 1067 vocativum
1653 1022 1748 1080 plu-

314 1103 442 1146 ralem
481 1103 674 1147 mutavit.
737 1102 847 1145 Huic
878 1114 977 1143 vero
1010 1100 1280 1151 adversatur,
1324 1102 1436 1160 quod
1479 1117 1573 1145 mox
1611 1101 1747 1159 sequi-

314 1191 411 1226 tur:
455 1179 577 1235 ὦνερ,
622 1190 669 1224 ut
705 1196 788 1224 non
832 1179 1112 1223 dubitandum
1160 1180 1214 1223 sit
1260 1181 1363 1238 quin
1413 1180 1456 1222 in
1508 1180 1744 1223 universum

314 1260 423 1304 hanc
452 1261 702 1304 sententiam
731 1259 784 1303 de
818 1258 1061 1301 hominibus
1102 1258 1381 1302 enuntiaverit
1423 1267 1563 1316 poeta.
1623 1257 1747 1303 Unde

312 1340 567 1399 pentametri
604 1338 760 1389 verba,
805 1337 878 1380 ubi
916 1336 1073 1382 codex:
1109 1334 1220 1390 ὕψος,
1245 1338 1285 1379 τ’
1319 1336 1413 1398 ἠέρα
1442 1337 1516 1392 καὶ
1549 1353 1582 1379 ν.
1615 1337 1746 1379 corri-

312 1418 464 1478 genda.
539 1418 625 1462 Ubi
658 1417 897 1466 lacobsius:
943 1417 1060 1469 ὑψοῖς
1104 1415 1230 1469 ἠέρα,
1263 1415 1538 1475 ¹Meinekiusz
1581 1415 1746 1468 ὑψοῦσθ’

310 1496 405 1551 ἠέρα
432 1496 514 1544 κείς
547 1495 741 1550 νεφέλας.
809 1493 930 1550 Quod
968 1493 1018 1536 ad
1050 1508 1216 1548 sensum
1250 1494 1528 1536 rectissimum
1549 1525 1561 1544 ,
1603 1494 1657 1536 ab
1694 1494 1747 1537 li-

313 1586 496 1618 terarum
533 1574 731 1617 ductibus
769 1573 943 1632 propius
976 1572 1094 1615 abest
1126 1571 1358 1615 Hermanni
1389 1572 1634 1616 inventum:
1670 1573 1748 1615 κάν

310 1654 504 1709 νεφέλας.
571 1653 652 1709 Qui
686 1653 897 1710 integrum
936 1650 1146 1694 distichon
1189 1651 1348 1694 sanavit
1385 1651 1572 1708 scripto:
1604 1650 1746 1705 ὤνθρω-

311 1749 376 1777 ποι
408 1758 467 1765 —
498 1733 665 1785 ὑψοῢντ’
696 1731 791 1786 ἠέρα
818 1731 896 1774 κάν
933 1730 1127 1785 νεφέλας.
1199 1729 1282 1774 Sed
1312 1729 1375 1773 >de
1419 1731 1594 1774 caeteris
1634 1729 1744 1774 idem

312 1813 376 1855 vir
406 1811 672 1854 doctissimus
709 1825 858 1869 parum
891 1808 1129 1867 probabilia
1160 1817 1202 1851 et
1243 1807 1363 1852 valde
1401 1809 1609 1852 mirabilia
1639 1824 1744 1868 pro-

316 1891 433 1935 tulit.
495 1892 734 1947 Utrumque
763 1896 903 1931 autern
932 1887 1143 1931 Leonidae
1166 1902 1333 1931 carmen
1357 1888 1494 1931 eidem
1523 1887 1654 1947 lapidi
1680 1889 1747 1932 in·

312 1971 517 2029 scriptum
560 1969 687 2012 fuisse
727 1976 859 2026 puto,
907 1965 1019 2025 quod
1054 1967 1164 2009 vitae
1204 1966 1388 2010 taedium
1421 1976 1602 2026 utroque
1631 1982 1746 2012 corn-

313 2049 527 2093 mendavit
565 2048 826 2106 lectoresque
868 2046 1034 2089 iusserit
1070 2046 1307 2090 meminisse
1334 2047 1460 2093 mori.
1520 2047 1596 2091 His
1623 2049 1748 2106 iunge

313 2130 595 2172 suavissimam
636 2126 954 2185 inscriptionem
987 2126 1133 2168 Persae
1179 2126 1230 2169 Δ.
1264 2126 1311 2169 Ρ.
1342 2125 1452 2176 Vn,
1485 2126 1588 2171 730.

433 2205 613 2250 Δειλαία
641 2203 905 2252 Μνάσυλλα,
938 2203 981 2247 τί
1005 2219 1065 2246 τοι
1092 2202 1160 2247 καὶ
1188 2204 1254 2246 ἐπ’
1283 2204 1372 2257 ἦρίῳ
1402 2201 1515 2253 οὗτος

548 2283 753 2340 μυρομένα
783 2283 926 2337 κούραν
956 2283 1140 2337 γραπτὸς
1171 2282 1312 2326 ἔπεστι
1342 2283 1469 2332 τύπος

431 2365 671 2417 Νευτίμανς
703 2362 754 2412 ἇς
780 2363 827 2413 δή
853 2364 945 2405 ποκ’
971 2363 1054 2405 άπὸ
1079 2360 1232 2415 ψυχάν,
1248 2361 1438 2416 ἐρύσαντο

548 2443 679 2491 ὠδῖνες
697 2473 710 2491 ,
742 2445 875 2484 κεῖται
902 2441 937 2484 δ’
963 2438 1028 2484 οἷα
1053 2440 1166 2483 κατα
1189 2439 1413 2494 βλεφάρων

432 2522 570 2575 ἆχλύῒ
596 2520 900 2574 πλημμύρουσα
926 2520 1058 2574 Φίλας
1090 2519 1166 2562 ὑπὸ
1191 2519 1346 2573 ματρὸς
1376 2520 1539 2573 άγοστῷ
1556 2535 1566 2544 ·

553 2600 645 2642 αἰαῖ
671 2599 705 2642 δ’
731 2598 1015 2653 Ἀριστοτέλης
1040 2598 1075 2641 δ’
1100 2599 1170 2641 οὐκ
1200 2597 1403 2641 ἀπάνευθε
1433 2598 1567 2651 πατὴρ

432 2677 613 2734 δεξιτερᾷ
639 2679 831 2732 κεφαλὰν
863 2678 1166 2730 ἐπιμάσσεται·
1199 2675 1226 2720 ὦ
1250 2677 1368 2729 μέγα
1397 2676 1515 2720 δειλοὶ

550 2758 636 2801 οὐδὲ
663 2757 846 2806 θανόντες
878 2759 947 2800 ἑῶν
973 2756 1200 2808 ἐξελάθεσθ’
1227 2757 1377 2809 άχέων.

315 2837 363 2882 In
401 2853 485 2897 quo
517 2838 718 2883 nonnulla
756 2837 874 2881 aliter
913 2836 1151 2881 excudenda
1184 2839 1343 2881 curavi.
1407 2838 1555 2880 Versus
1597 2850 1741 2880 secun-
