1794 3412
651 261 918 302 -193—

49 385 183 446 qualis
214 386 362 431 Arato.
429 384 493 429 Ad
531 383 714 435 δηναιούς
747 385 964 429 annotavit
996 382 1240 428 Iacobsius:
1285 380 1384 426 »In
1422 379 1505 424 hoc

45 466 239 527 epitheto
268 465 339 510 sed
375 465 466 508 sine
489 479 612 508 causa
647 464 799 509 idonea
837 463 1012 508 offendit
1044 463 1344 516 Gasaubonus,
1377 476 1506 522 quem

44 546 117 591 hic
153 547 315 607 aliquid
356 547 587 590 coniecisse
619 561 667 589 ex
705 545 883 590 schedis
921 544 1218 590 Bibliothecae
1248 542 1506 589 Bodleinnae

0 675 2 697 Ι
42 636 188 689 patet,
222 626 293 671 sed
322 626 475 670 ductus
507 626 676 670 obscuri
706 627 856 672 sunt.”
891 626 1104 686 Equidem
1137 624 1372 671 Leonidam
1400 624 1507 669 scri·

0 708 3 724 ³
41 709 172 770 psisse
203 716 308 768 puto
346 707 527 758 δινητοὺς
558 706 768 763 ἀστέρας,
815 722 955 767 neque
994 721 1142 752 sanum
1184 705 1355 753 videtur
1389 705 1506 762 ἔναρ·

0 782 2 789 ’
41 791 121 843 γῆς
159 788 323 844 οὐρανός
365 805 424 834 vs.
450 791 494 834 3.
556 787 666 832 Item
704 789 749 832 in
791 787 1045 833 Callimachi
1087 788 1323 834 Causarum
1367 787 1504 833 libros

45 871 160 932 apud
190 869 420 931 Cephalam
453 870 565 913 inter
595 868 850 929 sepulcralia
879 869 959 913 VII
977 903 989 921 ,
1025 872 1099 915 42.

155 951 217 996 'A
245 950 366 1004 μέγα
395 948 631 994 Βαττιάδαο
660 951 793 1004 σοφοῦ
823 948 1073 1004 περίπυστον
1102 948 1261 1005 ὄνειαρ,

277 1029 304 1082 ἦ
331 1030 367 1086 ρ’
396 1030 508 1074 ε’τεὸν
537 1027 690 1085 κεράων
720 1028 801 1074 οὐδ’
833 1029 1064 1085 ἐλέφαντος
1094 1029 1200 1087 ἔφυς
1219 1044 1230 1056 ·

157 1115 271 1155 τοῖα
299 1110 385 1166 γὰρ
414 1109 552 1164 ἄμμιν
582 1109 740 1166 ἔφηνας
766 1108 838 1154 ἅτ’
868 1111 913 1154 οὗ
944 1109 1072 1166 πάρος
1104 1108 1243 1166 ἀνέρες
1274 1109 1394 1165 ἴδμεν

276 1190 397 1247 ἀμφί
422 1207 471 1235 τε
500 1188 731 1240 ἀθανάτους
761 1190 884 1246 ἀμφί
912 1206 959 1234 τε
992 1189 1200 1243 ἡμιθέους·

158 1270 252 1316 εὖτέ
280 1287 353 1325 μιν
381 1273 429 1315 ἐκ
459 1271 624 1325 Λιβύης
654 1271 849 1327 ἀναείρας
879 1271 937 1320 εἰς
968 1274 1173 1315 Ἑλικῶνα

278 1351 441 1406 ἤγαγες
475 1352 517 1396 ἐν
546 1351 725 1405 μέσσαις
756 1351 984 1406 Πιερίδεσσι
1013 1350 1147 1407 Φέρων
1164 1366 1178 1378 ·

158 1432 201 1475 αἱ
232 1431 276 1476 δέ
305 1433 341 1476 οἱ
368 1430 555 1488 εἰρομένῳ
584 1433 701 1488 ἀμφ’
733 1431 924 1485 ὧγυγίων
956 1431 1088 1486 ἧρώων

280 1513 408 1557 Αἲτια
438 1513 508 1557 καὶ
539 1511 737 1568 μακάρων
769 1510 897 1568 εἶρον
926 1510 1223 1565 ἀμειβόμεναι.

43 1591 130 1638 Ubi
162 1607 223 1638 vs.
245 1595 290 1639 3.
324 1591 625 1652 corrigendum
650 1591 783 1636 τόσσα
810 1601 856 1638 et
878 1607 938 1639 vs.
970 1593 1016 1639 8.
1048 1590 1164 1636 εἷπον
1193 1600 1371 1653 propter
1398 1609 1501 1654 pro-

39 1675 151 1718 xime
182 1688 499 1734 praegressum:
544 1672 744 1729 εἰρομένῳ.
807 1673 904 1718 Alia
940 1671 1036 1718 vide
1066 1673 1181 1734 apud
1217 1674 1500 1719 Welckerum

39 1754 149 1814 Syll.
184 1754 335 1816 Epigr.
366 1768 410 1799 u.
448 1755 551 1800 239.
611 1754 720 1800 Inde
752 1753 979 1799 Theocrito
1008 1770 1095 1799 non
1133 1764 1250 1800 recte
1286 1755 1498 1800 tributum

36 1835 297 1895 epigramma
325 1835 441 1895 quod
478 1835 522 1879 in
551 1834 728 1888 codice,
764 1851 850 1896 quo
885 1836 975 1879 eius
1001 1836 1186 1880 carmina
1226 1835 1499 1894 diligentiore

38 1931 138 1960 cura
165 1914 360 1960 adhibita
400 1916 644 1976 complexus
685 1926 777 1961 erat
809 1917 966 1976 spuriis
994 1916 1164 1961 reiectis
1193 1919 1497 1976 grammaticus

38 1996 219 2057 aliquis,
252 1995 484 2057 praefixum
514 1996 736 2056 legebatur
767 1996 822 2041 A.
854 1996 904 2041 Ρ.
929 1995 991 2040 IX
1012 2029 1024 2047 ,
1059 1999 1162 2042 434.

146 2080 309 2127 Ἄλλος
337 2077 358 2122 ὅ
388 2082 482 2126 Χῖος
498 2092 510 2102 ·
540 2077 622 2130 ἐγὼ
648 2076 690 2120 δὲ
723 2075 964 2132 Θεόκριτος,
996 2075 1039 2126 ὃς
1069 2075 1164 2122 τάδ’
1196 2077 1370 2134 ἔγραψα

274 2154 331 2205 εἷς
360 2157 446 2199 ἀπὸ
476 2159 555 2200 τῶν
579 2160 745 2200 πολλῶν
775 2155 860 2210 εἰμὶ
892 2156 1171 2211 Συρηκοσίων,

157 2236 239 2279 υἱὸν
268 2234 542 2291 Πραξαγόραο
571 2242 832 2291 περικλειτῆς
863 2253 912 2280 τε
938 2237 1151 2288 Φιλίννης·

277 2319 451 2361 Μοῦσαν
480 2316 516 2360 δ’
542 2317 694 2361 ὅθνειάν
725 2316 848 2362 οὔτιν’
878 2317 1200 2373 ἐφελκυσαμαν.

36 2397 119 2454 Qui
144 2410 283 2439 versus
310 2396 485 2441 fortasse
512 2397 643 2457 ipsius
675 2405 826 2457 poetae
869 2398 1043 2458 imagini
1080 2399 1124 2442 in
1155 2399 1298 2445 fronte
1329 2401 1490 2447 codicis

35 2478 314 2537 manuscripti
356 2478 588 2538 subscripti
627 2478 816 2522 fuerunt.
882 2479 1068 2524 Alterius
1110 2484 1368 2540 pentametri
1399 2500 1491 2529 sen-

36 2573 130 2603 sus:
165 2557 284 2601 nulla
322 2558 403 2601 nisi
440 2559 619 2617 genuina
648 2567 800 2618 poetae
832 2562 1019 2604 carmina
1063 2561 1358 2622 complector,
1403 2581 1488 2625 quo

35 2639 322 2699 grammatici,
356 2639 431 2698 qui
459 2654 506 2682 ea
524 2640 737 2683 recensuit
762 2647 805 2683 et
834 2639 995 2694 edidit,
1029 2641 1227 2686 laudatur
1251 2643 1492 2704 diligentia.

37 2720 96 2766 Ut
122 2719 418 2764 Artemidorus
458 2720 757 2778 grammaticus
785 2721 999 2780 praefatus
1030 2731 1094 2766 est
1134 2722 1316 2767 editioni
1341 2725 1490 2769 Buco-

39 2798 214 2843 licorum
250 2814 349 2844 suae
384 2799 569 2844 disticho
611 2802 663 2844 Α.
696 2802 744 2846 Ρ.
775 2799 863 2853 ΙΧ,
898 2803 983 2845 205
1004 2837 1015 2855 ,
1048 2812 1092 2848 et
1137 2803 1365 2863 Antipater
1393 2821 1491 2850 car-

38 2880 142 2925 mini
167 2880 432 2939 genethliaco
470 2881 612 2926 Pisoni
655 2882 815 2941 scripto
856 2883 1160 2942 epigrammate
1191 2883 1287 2937 lx,
1321 2888 1394 2932 93.
1430 2889 1486 2935 cl.

1160 2963 1216 3006 13
