1794 3412
935 270 1165 310 -26-

335 406 464 451 quum
511 390 628 434 nullo
674 390 830 433 nitatur
874 390 1029 434 diserto
1076 392 1224 436 veteris
1270 393 1483 451 scriptoris
1526 394 1761 438 testimonio

333 486 411 516 nec
447 470 702 529 argumentis
741 469 994 512 extrinsecus
1023 468 1155 512 allatis
1183 471 1339 512 firmari
1372 470 1501 528 possit
1519 503 1531 523 ,
1563 472 1643 514 alia
1679 474 1764 516 cir-

335 547 646 608 cumspicienda
672 555 769 589 sunt
799 546 1084 605 probabiliora
1117 554 1160 589 et
1191 548 1392 593 certiora.
1450 550 1564 593 Haec
1594 551 1763 594 investi·

334 643 448 686 gasse
477 627 583 670 mihi
609 625 749 668 videor
776 640 823 668 ex
858 625 1053 668 lemmate
1083 626 1125 668 in
1155 625 1300 670 codice
1323 626 1535 685 adscripto
1564 628 1612 672 ad
1647 631 1698 674 A.
1715 630 1762 676 P.

334 707 415 750 VII
434 739 445 757 ,
476 707 578 749 339.
609 704 755 755 t.111,
788 720 832 762 p.
849 705 951 748 298.
978 703 1154 754 ’Ἄδηλον
1167 706 1233 749 ἐπὶ
1250 705 1326 749 τίνι
1351 708 1469 748 τοῦτο
1494 706 1761 759 γέγραπται·

332 786 440 834 πλὴν
467 783 526 827 ὅτι
555 784 594 826 ἐν
621 788 703 832 τοῖς
730 786 800 826 τοῦ
825 782 1034 826 Παλλαδοῖ
1061 783 1373 838 ἐπιγράμμασιν
1397 784 1529 838 εὑρέθη
1557 785 1761 837 κείμενον·

332 864 490 914 μήποτε
518 862 558 905 δὲ
587 866 821 905 Λουκιανοῦ.
887 862 1009 906 Unde
1049 862 1101 907 G.
1126 863 1335 921 Weigand
1357 896 1368 914 ‚
1401 865 1476 920 qui
1510 880 1535 905 »ν
1555 863 1616 913 de¹
1637 864 1766 907 fonti-

334 942 411 984 bus
440 951 481 983 et
519 940 666 983 ordine
700 940 979 999 Anthologiae
1009 939 1272 1000 Cephalanae
1292 945 1319 963 '’
1351 942 1573 1000 diligenter
1609 943 1692 1001 egit
1723 944 1763 985 in

335 1021 686 1063 commentatione
702 1020 846 1063 Museo
864 1018 1067 1062 Rhenano
1081 1020 1233 1063 inserta
1253 1036 1291 1066 a.
1313 1023 1438 1065 1845.
1457 1036 1500 1078 p.
1521 1022 1766 1063 161—-179,

336 1114 380 1156 p.
411 1101 659 1143 541-572,
690 1114 730 1143 a.
763 1098 892 1142 1847.
925 1113 969 1156 p.
997 1099 1245 1142 276—289.
1289 1099 1457 1150 effecit,
1490 1100 1767 1158 epigramma·

336 1187 425 1220 tum
451 1177 625 1221 Palladii
653 1178 872 1237 separatim
908 1176 1117 1221 editorum
1153 1177 1345 1220 volumen
1384 1177 1659 1221 Constantino
1689 1177 1768 1220 Ce-

335 1255 487 1315 phalae
529 1257 571 1299 in
610 1254 871 1299 conficienda
913 1254 1169 1314 Anthologia
1207 1256 1259 1298 ad
1298 1270 1444 1299 manus
1483 1255 1624 1303 fuisse.
1684 1255 1767 1299 Sed

337 1336 396 1378 ita
416 1349 564 1394 parum
596 1334 843 1392 intelligitur
871 1333 1026 1392 quibus
1059 1333 1226 1378 tandem
1250 1334 1484 1378 rationibus
1511 1333 1662 1377 ductus
1689 1334 1767 1378 Ge-

336 1413 480 1472 phalas
509 1413 561 1457 de
597 1414 803 1472 scriptore
835 1413 1033 1456 carminis
1063 1411 1178 1470 quod
1207 1427 1281 1455 suo
1309 1412 1404 1455 loco
1446 1413 1555 1455 inter
1593 1411 1769 1456 Palladii

336 1493 635 1552 epigrammata
676 1493 882 1550 scriptum
925 1493 1169 1543 invenerat,
1202 1491 1397 1534 dubitare
1432 1491 1636 1550 potuerit.
1697 1490 1770 1534 In·

337 1569 655 1630 terpretandum
693 1571 835 1628 potius
879 1571 967 1612 »in
1009 1570 1321 1628 epigrammatis
1359 1584 1382 1611 a
1414 1569 1602 1612 Palladio
1641 1568 1770 1612 colle-

336 1651 445 1702 ctis,
492 1650 535 1692 in
577 1647 752 1691 Palladii
795 1647 1088 1705 Florilegi0,”
1132 1647 1175 1690 in
1208 1662 1293 1706 quo
1334 1647 1426 1707 ipso
1463 1648 1637 1691 fortasse
1678 1649 1769 1706 epi-

337 1727 558 1787 grammati
589 1726 619 1771 l.
647 1741 687 1771 c.
720 1724 980 1784 adscriptum
1012 1734 1128 1772 erat:
1168 1726 1370 1777 Ἄδηλον,
1401 1727 1562 1779 μήποτε
1591 1726 1634 1771 δὲ
1664 1733 1767 1771 Λου-

336 1809 489 1851 κιανοῦ.
540 1805 838 1863 Cuiuscunque
865 1813 927 1847 est
950 1813 1100 1863 poetae
1131 1805 1389 1863 epigramma
1407 1837 1420 1857 ‚
1451 1806 1604 1864 insigni
1630 1820 1770 1850 errore

339 1885 382 1930 id
412 1901 435 1928 a
478 1882 662 1942 Cephala
699 1884 808 1926 inter
852 1882 1100 1940 sepulcralia
1141 1883 1394 1926 collocatum
1437 1896 1526 1927 esse
1565 1891 1682 1943 patet
1723 1899 1770 1937 ex

338 1964 488 2007 ultimo
525 1961 738 2013 disticho,
772 1960 845 2004 ubi
879 1968 1003 2020 poeta
1043 1960 1228 2005 sodalem
1258 1969 1376 2019 rogat
1405 1970 1450 2005 ut
1477 1961 1558 2004 sibi
1595 1963 1736 2006 vinum
1757 1995 1767 2015 ,

339 2042 572 2088 remedium
599 2041 794 2085 dolorum
814 2073 826 2093 ,
853 2040 1174 2093 subministret,
1203 2048 1246 2084 et
1277 2056 1335 2084 vs.
1364 2043 1389 2083 4
1407 2073 1417 2092 ,
1452 2045 1494 2085 5.

576 2121 601 2172 ἦ
628 2137 682 2174 με
713 2118 984 2174 προςπελάσει
1010 2121 1066 2173 τῷ
1096 2120 1275 2174 στυγερῷ
1305 2119 1488 2174 θανάτῳ·

457 2200 565 2244 οὐδὲν
596 2201 666 2243 ἐὼν
691 2199 868 2251 γενόμην
887 2213 896 2223 ·
929 2197 1057 2240 πάλιν
1084 2198 1254 2251 ἔσσομαι
1280 2200 1331 2247 ὥς
1362 2197 1486 2252 παρος
1513 2198 1634 2242 οὐδέν.

341 2281 456 2336 Quae
500 2279 641 2323 futura
679 2287 866 2337 tempora
905 2278 956 2321 de
999 2278 1169 2321 homine
1209 2286 1374 2321 mortuo
1414 2278 1574 2335 inepta.
1636 2278 1770 2321 Palla-

340 2359 454 2402 dium
499 2366 638 2401 autem
681 2357 1011 2402 Alexandrinum
1043 2384 1102 2391 —-
1132 2357 1213 2400 hoc
1254 2357 1367 2400 enim
1410 2358 1636 2415 genuinum
1686 2373 1771 2402 esse

340 2439 418 2481 viri
444 2453 597 2481 nomen
615 2469 626 2489 ,
660 2438 748 2479 aevi
772 2436 886 2479 illius
914 2453 1030 2480 more
1060 2439 1102 2480 in
1127 2436 1356 2485 Παλλαδόὶς
1385 2445 1630 2495 corruptum
1651 2470 1662 2490 ,
1696 2453 1769 2495 pa-

338 2525 401 2561 ·tet
431 2532 478 2560 cx
506 2517 654 2575 Epigr.
687 2516 739 2560 A.
770 2516 816 2562 P.
844 2515 905 2559 IX
925 2547 938 2569 ,
973 2519 1074 2561 380.
1108 2519 1150 2561 3.

459 2596 490 2639 εἰ
519 2594 668 2646 κόκκυξ
697 2593 885 2646 τέττιγος
917 2594 1000 2648 ἐρεῖ
1020 2594 1280 2648 λιγυρώτερος
1311 2590 1413 2636 εἶναι
1432 2625 1444 2642 ,

577 2671 648 2716 ἶσα
674 2679 800 2717 ποιεῖν
830 2673 898 2716 καὶ
927 2674 1006 2725 ἐγὼ
1033 2672 1256 2726 Παλλαδίῳ
1285 2671 1536 2724 δύναμαι-

342 2755 414 2813 qui
446 2757 676 2814 imperante
705 2754 885 2797 Arcadio
916 2755 1042 2806 vixit,
1076 2752 1372 2810 Anthologiam
1405 2750 1637 2794 condidisse
1669 2751 1769 2808 Epi-

342 2843 617 2890 grammatum
656 2836 872 2879 maximam
906 2843 1065 2891 partem
1096 2835 1339 2877 Σκωπτικῶν
1371 2832 1496 2875 etiam
1530 2829 1608 2873 hoc
1649 2846 1767 2889 argu-
