1794 3412
605 830 878 884 AnnmNnA
912 843 964 876 n
995 808 1414 887 'conmotam-Ay:
1478 834 1502 838 “

339 1262 508 1319 integro
539 1260 648 1303 libro
680 1260 789 1318 typis
819 1259 1015 1302 mandato
1048 1260 1171 1318 plura
1213 1275 1320 1319 quae
1359 1261 1464 1305 mihi
1496 1263 1718 1322 postmodo

280 1340 563 1384 animadversa
594 1347 715 1392 sunt,
750 1338 821 1381 hio
860 1338 1088 1383 secundum
1127 1339 1587 1398 paginarum‘ordinem
1617 1343 1717 1386 sub-

280 1422 466 1478 iungam.
526 1418 663 1462 Simul
694 1416 1010 1476 typothetarum
1043 1426 1209 1468 errata,
1254 1434 1362 1476 quae
1384 1421 1481 1463 satis
1508 1420 1639 1465 multa
1673 1422 1716 1464 in
1791 1455 1794 1458 .

279 1499 503 1543 verborum
542 1504 742 1540 contextu
782 1484 1097 1548 remauserunt,
1130 1495 1199 1553 hie
1230 1498 1450 1556 corrigam.

338 1578 388 1622 P.
417 1579 462 1621 6.
499 1577 568 1621 17.
613 1575 832 1619 deleantur
863 1574 1018 1619 verba:
1053 1583 1094 1618 et
1124 1574 1357 1621 Eubulum.

337 1680 397 1688 —
428 1658 472 1700 7.
508 1658 578 1702 15.
619 1652 895 1709 ποσωχοὶρεος.
958 1653 1163 1712 corrige:
1198 1654 1479 1710 Ποσωχάρεος.

337 1759 397 1768 --
431 1737 501 1780 10.
537 1737 606 1779 14.
653 1734 704 1778 In
733 1733 987 1791 Crinagorae
1017 1748 1167 1777 versu:

516 1819 568 1868 τῇ
599 1812 666 1856 καὶ
701 1812 879 1868 ζοφώδης
911 1811 1190 1868 ἀμφιέννυται
1221 1812 1333 1862 νέκυς

278 1891 528 1935 adiectivum
569 1891 750 1946 ζοφώδης
792 1893 835 1934 in
870 1892 1168 1940 coutumeliam
1206 1890 1445 1934 adhibitum
1481 1891 1588 1933 mihi
1630 1906 1713 1934 non

279 1973 378 2015 satis
404 1985 550 2013 sanum
580 1970 764 2014 videtur.
798 1968 1017 2026 Significat
1044 1970 1184 2013 onimz
1218 1969 1359 2013 »Orci
1377 1969 1560 2012 tenebris
1588 1968 1714 2012 abdi-

281 2055 396 2095 tus.”
461 2048 583 2107 Quod
608 2049 651 2091 in
692 2062 835 2090 omnes
861 2055 1074 2098 mortuos,
1108 2061 1194 2089 non
1225 2047 1267 2090 in
1296 2062 1424 2090 unum
1452 2047 1712 2099 Euniciden,

278 2129 591 2188 spurcissimum
621 2125 863 2176 hominem,
897 2124 1091 2183 quadrat.
1155 2124 1434 2179 Quamobrem
1463 2125 1613 2168 fortius
1642 2126 1714 2168 alia

280 2207 394 2266 quod
426 2205 676 2250 vocabulum
709 2203 900 2247 desidero
931 2212 973 2246 et
1003 2203 1215 2248 coniieioz

516 2290 568 2339 τῇ
599 2282 667 2326 καὶ
695 2282 920 2337 συφώδης
946 2281 1221 2337 ἀμφιέννυται
1251 2281 1387 2331 νέκυς·

278 2363 515 2410 Euniciden
545 2363 703 2420 optime
732 2361 979 2419 Crinagoras
1011 2360 1175 2415 συφώδη
1193 2393 1206 2410 ,
1240 2361 1270 2405 i.
1295 2375 1331 2404 e.
1366 2375 1394 2402 »
1411 2359 1463 2403 de
1488 2351 1711 2418 porcorum

279 2459 404 2503 grege
435 2444 608 2485 unum'’
649 2440 788 2483 dicere
819 2441 975 2497 potuit.
1038 2440 1156 2497 Quod
1195 2439 1449 2483 adiectivum
1485 2438 1712 2483 secundum

278 2524 446 2582 linguae
484 2520 717 2578 analogiam
750 2534 772 2560 a
806 2517 958 2572 συφεός
990 2519 1233 2564 formatum.
1295 2517 1378 2562 Sed
1410 2517 1582 2561 Philisci
1615 2533 1710 2563 ver-

278 2618 372 2654 nus,
405 2601 458 2644 de
489 2614 572 2658 quo
601 2597 686 2640 dixi
715 2613 758 2655 p.
788 2601 860 2641 55.

396 2681 460 2724 δεῖ
481 2681 520 2721 α’
550 2679 694 2731 ἀρετῆς
722 2676 874 2729 κήρυκα
902 2680 1033 2718 τεκεῖν
1058 2691 1150 2717 τινα
1179 2675 1316 2729 Λυσίᾳ
1342 2673 1462 2726 ὕμνον

513 2757 630 2809 δῶμοι
660 2755 772 2798 κατὰ
798 2753 1000 2809 φθιμένων
1031 2754 1110 2796 καὶ
1143 2754 1274 2807 σοφῷ
1304 2752 1492 2805 ἀθανάτῳ
1510 2786 1520 2801 ,

277 2835 557 2903 persanandus
589 2835 753 2880 videtur
788 2842 952 2895 recepta
984 2833 1218 2878 Marklandi
1250 2833 1515 2877 coniectura:
