1794 3412
924 279 1181 318 2162-—

468 401 720 452 Αντίπατρος
748 399 891 451 πρέψει
923 400 1115 454 στεφάνῳ
1146 401 1309 453 στάχυς
1331 415 1339 424 ·
1372 404 1421 450 ὡς
1449 403 1488 444 δὲ
1517 402 1714 455 κόρυμβος

573 477 820 530 Κριναγόρας
839 492 850 503 ·
880 477 1045 532 λάμψει
1068 480 1105 522 δ’
1128 481 1179 527 ὥς
1205 479 1351 533 βότρυς
1379 481 1613 535 Ἀντίφιλος
1631 496 1641 505 ·

455 556 633 604 Τύλλιος
664 558 714 604 ὥς
744 556 996 608 μελίλωτον·
1027 557 1240 612 άμάρακον
1267 556 1316 607 ὥς
1346 559 1582 612 Φιλόδημος,

572 635 711 689 μύρτα
731 635 767 679 δ’
797 637 815 677 ὂ
841 637 1075 689 Παρμενίων
1091 651 1101 662 ·
1132 639 1183 686 ὡς
1212 636 1318 691 ῥόδον
1347 638 1596 693 Ἀντιφάνης
1618 653 1627 662 ·

456 714 591 762 κισσὸς
617 714 652 756 δ’
678 714 942 765 Αὐτομέδων·
974 718 1111 764 Ζωνᾶς
1137 716 1250 770 κρίνοι
1266 731 1276 741 ·
1308 716 1399 771 δρῦς
1429 717 1471 760 δὲ
1496 716 1645 770 Βιάνωρ
1661 732 1670 740 ·

573 792 804 844 ’Λντίγονος
832 793 868 835 δ’
894 792 997 843 ἕλάη
1025 793 1094 837 καὶ
1127 795 1318 849 Διόδωρος
1347 794 1428 838 ἴον·

452 872 779 926 Εὐήνῳδάφνην
808 873 1175 917 συνεπίπλεκε·
1205 875 1324 923 τοὺς
1354 875 1395 918 δὲ
1414 875 1636 928 περισσοὺς

571 948 733 993 εἴκασαν
762 947 817 999 οἷς
850 950 997 1000 ἐθέλεις
1027 951 1186 995 ἄνθεσιν
1215 952 1469 1007 άρτιφύτοις.

338 1027 484 1072 Ultimi
529 1043 665 1071 versus
704 1031 894 1087 corrupti
930 1039 1054 1081 sunt,
1089 1046 1220 1089 quum
1251 1033 1363 1075 enim
1401 1033 1674 1075 συνεπίπλεκε
1707 1047 1773 1075 re-

337 1106 556 1150 ferendum
595 1108 649 1150 sit
690 1108 740 1150 ad
784 1108 1010 1152 Camillum
1064 1125 1189 1168 quem
1236 1110 1458 1170 Philippus
1508 1111 1739 1170 alloquitur
1758 1143 1770 1163 ‚

339 1187 491 1229 Poetae
520 1187 575 1229 ita
603 1188 818 1244 negotium
842 1202 963 1230 suum
993 1189 1035 1231 in
1063 1197 1289 1246 patronum
1319 1190 1628 1241 transtulisset,
1660 1190 1771 1249 quod

337 1266 544 1324 ineptum.
609 1264 816 1308 Carminis
848 1281 1019 1324 quoque
1051 1274 1171 1310 tenor
1203 1275 1407 1310 monstrat
1434 1268 1622 1311 Evenum
1655 1268 1775 1312 lauro

338 1344 665 1403 comparandum
695 1361 781 1389 esse
802 1377 813 1397 ‚
846 1345 960 1404 quod
983 1354 1125 1389 nostra
1153 1346 1204 1389 de
1229 1345 1309 1388 hoc
1340 1346 1434 1389 loco
1467 1356 1649 1405 praestat
1673 1363 1774 1391 con-

339 1426 525 1467 iectura:

455 1502 608 1552 Εὔηνον
632 1502 792 1558 δάφνῃ,
825 1504 1172 1552 cauma-muros«,-
1198 1503 1239 1547 δὲ
1265 1505 1475 1558 περισσοὺς

437 1564 442 1571 ”
575 1579 736 1624 εἴκασον
766 1578 822 1629 οἷς
854 1581 1027 1631 ἐθέλεις·
1057 1581 1216 1626 ἄνθεσιν
1245 1583 1499 1638 άρτιφὺτοις.

338 1661 469 1704 Initio
497 1675 637 1703 versus
663 1661 801 1714 Εὐήνῳ
828 1659 988 1715 δάφνην
1016 1676 1099 1704 non
1134 1661 1300 1704 videtur
1331 1663 1482 1705 servari
1514 1677 1649 1721 posse.
1714 1663 1776 1706 De

339 1749 472 1783 aetate
499 1754 582 1798 qua
623 1740 771 1782 vixerit
814 1739 1038 1797 Philippus
1060 1774 1070 1790 ‚
1105 1741 1200 1783 satis
1242 1748 1358 1783 certo
1397 1751 1587 1785 constare
1614 1741 1776 1784 videre-

341 1830 408 1862 tur
428 1851 439 1870 ‚
471 1820 506 1861 si
535 1819 635 1861 item
665 1827 781 1861 certo
811 1827 1021 1861 constaret
1053 1828 1167 1862 recte
1197 1827 1239 1862 et
1268 1835 1363 1862 vere
1387 1819 1439 1862 de
1467 1819 1548 1863 hoc
1578 1820 1778 1880 Philippo

341 1897 522 1956 intelligi
556 1897 873 1955 inscriptionem
917 1898 958 1939 in
989 1896 1232 1955 Philippum
1261 1897 1532 1941 Macedonem
1576 1900 1659 1958 Ap.
1696 1900 1776 1957 Ep.

341 1980 441 2020 354.

459 2055 540 2097 Τὸν
571 2053 707 2102 πάσης
734 2054 880 2106 άρετῆς
911 2053 1100 2104 εἰδήμονα
1130 2057 1254 2108 φῶτα
1282 2054 1486 2097 Φίλιππον

577 2132 757 2187 πρέσβυν
783 2134 821 2174 κ’
847 2132 1003 2181 Ἀονῖης
1034 2132 1267 2186 ἐμπέραμον
1295 2134 1439 2188 σοφίης

460 2213 660 2256 Αὐσονίων
688 2211 844 2255 ὕπατον
873 2211 1035 2266 πατέρα
1061 2212 1210 2255 κλυτὸν
1235 2212 1480 2264 Ἀντιγόνοιο

579 2291 698 2346 θρέψε
728 2290 962 2340 Μακηδονίη
993 2290 1137 2341 δέξατο
1163 2291 1198 2334 δ’
1224 2290 1395 2340 Ἰταλίη.

345 2372 502 2415 Romae
533 2372 644 2415 enim
677 2360 795 2413 haud‘
827 2369 958 2412 dubie
1002 2369 1169 2412 demum
1198 2378 1293 2428 post
1325 2378 1490 2427 gentem
1524 2371 1779 2429 Augusteam

343 2452 590 2494 exstinctam
621 2450 769 2493 vixisse
798 2457 840 2492 et
868 2447 911 2491 in
938 2463 1120 2492 summos
1145 2449 1353 2492 honorum
1378 2449 1529 2507 gradus
1556 2459 1779 2509 provectus

344 2546 431 2574 esse
467 2531 622 2589 potuit.
685 2529 914 2588 Complura
935 2528 1141 2588 *Philippi
1168 2530 1467 2588 epigrammata
1495 2545 1582 2574 esse
1609 2530 1779 2574 ἐπιδεικ-

342 2609 440 2653 τικά
471 2618 513 2653 et
545 2623 593 2653 ex
624 2609 800 2652 aliorum
826 2608 1083 2652 carminibus
1109 2623 1297 2667 expressa
1339 2609 1500 2653 notavit
1539 2609 1778 2666 Iacobsius,

344 2690 387 2733 in
427 2689 580 2748 quibus
621 2688 771 2732 docilis
808 2689 1010 2733 sermonis
1051 2696 1093 2731 et
1132 2688 1314 2732 mundae
1354 2689 1513 2747 eloquii
1550 2688 1779 2747 elegantiae

346 2769 524 2825 protulit
566 2768 704 2811 studia
734 2776 777 2811 et
818 2775 1012 2827 expertus
1043 2781 1130 2811 esse
1174 2767 1339 2811 videtur
1379 2767 1592 2826 quomodo
1621 2769 1779 2826 optime

346 2847 497 2892 similia
529 2846 801 2892 dissimilibus
846 2856 1014 2906 possent
1054 2847 1284 2892 enunciari.
1351 2847 1444 2904 Quo
1479 2848 1607 2906 magis
1649 2848 1777 2891 miror
