1794 3412
940 257 1169 297 ...lg-

337 374 477 425 μένων.
543 375 728 432 Singulis
757 378 916 427 caveis,
953 377 1106 434 quibus
1131 378 1286 420 bestiae
1312 378 1492 420 inclusae
1520 386 1659 430 erant,
1690 379 1764 422 ad·

336 453 449 497 ditae
479 454 650 496 fuerunt
686 453 796 496 haud
832 453 958 497 dubie
987 455 1311 512 inscriptiones,
1345 470 1520 513 quarum
1560 457 1762 500 maiorem

337 540 499 590 partem
553 532 738 574 versibus
781 532 992 590 scripsisse
1033 540 1075 574 et
1117 541 1259 590 postea
1299 533 1341 576 in
1385 548 1513 577 unum
1568 535 1763 578 volumen

338 610 582 652 coniunctas
611 608 789 653 edidisse
818 609 983 652 videtur
1013 609 1244 654 Archelaus
1261 642 1273 663 ,
1308 626 1391 670 quo
1425 613 1487 655 usi
1514 622 1609 657 sunt
1629 613 1764 657 histo-

336 688 422 730 riae
449 687 651 729 naturalis
673 696 942 733 scrutatores,
1004 688 1119 732 Haec
1143 688 1196 732 de
1220 691 1406 733 versibus
1433 689 1658 743 Archelai,
1691 691 1766 749 qui

338 767 380 808 in
412 764 679 824 Philadelphi
719 767 864 809 aulicis
894 766 1022 809 fuisse
1059 765 1255 818 videtum
1288 768 1539 812 Nicomachi
1568 781 1666 812 vero
1693 769 1765 812 di-

337 842 471 887 sticho
508 845 581 903 qui
619 845 746 888 fuerit
776 844 893 887 locus
925 845 968 887 in
998 846 1184 889 carmine
1212 846 1398 904 elegiaco
1438 829 1491 891 de
1530 847 1765 892 Pictor-ibus

336 938 419 966 non
447 922 585 968 video.
646 923 739 967 Nisi
770 924 879 967 forte
917 922 1184 968 statuendum
1225 933 1393 982 poetam
1424 941 1474 970 eo
1501 926 1765 985 complexum

337 1016 423 1044 esse
459 1002 608 1045 seriem
649 1003 995 1061 epigrammatum
1045 1003 1087 1045 in
1120 1017 1262 1046 omnes
1304 1004 1487 1062 pictores
1529 1021 1578 1049 ex
1619 1003 1768 1047 ordine

337 1090 607 1140 temporum,
653 1094 762 1138 quae
799 1080 947 1122 statuis
992 1080 1339 1126 inscriberentur.
1409 1083 1469 1127 Ut
1511 1081 1768 1140 Pomponius

338 1160 505 1204 Atticus
540 1159 582 1201 in
615 1157 725 1200 libro
744 1190 755 1210 ,
788 1157 841 1201 de
872 1173 956 1217 quo
994 1158 1046 1204 G.
1075 1158 1216 1218 Nepos
1245 1159 1287 1203 in
1320 1160 1418 1204 Vita
1450 1161 1587 1205 Attici
1626 1174 1666 1206 c.
1696 1160 1765 1204 18.

340 1241 383 1285 5.
426 1237 609 1295 »attigit
649 1251 818 1295 quoque
859 1237 1066 1295 poeticam
1086 1270 1098 1289 ,
1144 1238 1353 1282 credimus
1395 1253 1449 1283 ne
1488 1238 1579 1282 eius
1624 1252 1770 1297 expers

338 1322 444 1360 esset
474 1316 714 1360 suavitatis:
763 1330 945 1374 namque
985 1315 1201 1368 versibus,
1234 1317 1308 1375 qui
1341 1316 1502 1362 honore
1543 1331 1770 1375 rerumque

338 1403 548 1453 gestarum
579 1393 860 1452 amplitudine
885 1402 1044 1437 ceteros
1073 1395 1221 1453 populi
1250 1395 1427 1439 Romani
1451 1396 1767 1455 praestiterint,

339 1473 529 1532 exposuit
555 1473 612 1516 ita
633 1506 644 1524 ,
672 1480 719 1515 ut
741 1471 818 1516 sub
845 1473 1105 1530 singulorum
1138 1474 1393 1531 imaginibus
1416 1474 1527 1516 facta
1553 1474 1769 1532 magistra-

340 1561 492 1610 tusque
513 1565 659 1596 eorum
690 1564 775 1595 non
802 1550 984 1607 amplius
1013 1552 1227 1609 quaternis
1255 1552 1448 1609 quinisve
1483 1552 1669 1595 versibus
1697 1553 1773 1596 de·

339 1629 575 1689 scripserit:
611 1627 725 1687 quod
754 1629 819 1671 vix
847 1627 1103 1672 credendum
1133 1629 1189 1672 sit
1219 1637 1352 1672 tantas
1379 1644 1446 1672 res
1474 1637 1558 1673 tam
1587 1630 1771 1674 breviter

338 1709 524 1768 potuisse
550 1707 803 1751 declarari.”
865 1705 983 1750 Idem
1018 1721 1105 1751 esse
1147 1708 1287 1767 potuit
1317 1706 1564 1753 Nicomachi
1602 1709 1771 1752 institu-

338 1796 429 1833 tum
457 1788 498 1830 in
523 1785 697 1829 historia
726 1784 942 1827 Pictorum
973 1793 1102 1843 atque
1132 1785 1236 1829 adeo
1260 1787 1452 1846 picturae
1478 1786 1727 1832 enarranda.

399 1866 511 1909 Hinc
541 1862 802 1908 redeundum
830 1863 953 1906 nobis
977 1863 1113 1907 estad
1139 1865 1440 1922 epigrammata
1469 1864 1685 1910 onaan-‘renai
1718 1866 1772 1909 ab

340 1942 650 2002 antiquioribus
686 1942 867 2000 scripta,
900 1949 946 1984 ut
974 1956 1021 1984 ea
1047 1955 1218 2000 quoque
1252 1957 1569 2000 percenseamus
1600 1945 1642 1988 in
1676 1945 1773 2003 qui·

341 2022 420 2065 bus
452 2021 569 2065 nulla
600 2021 681 2063 iam
715 2020 899 2063 cernitur
937 2020 1222 2078 inscriptionis
1251 2029 1349 2064 nota
1368 2054 1380 2073 ,
1414 2030 1461 2065 ut
1492 2023 1535 2066 in
1562 2024 1772 2082 epigram·

341 2101 463 2145 matis
490 2098 698 2158 Daphitae
720 2108 762 2143 et
792 2098 1011 2158 'Apollonii
1040 2098 1212 2144 Rhodii.
1276 2100 1338 2143 De
1363 2100 1438 2144 illo
1463 2101 1616 2145 Strabo
1643 2102 1773 2155 XIV,

345 2182 386 2223 l.
420 2179 471 2223 T.
488 2177 556 2222 ΠΙ
586 2193 631 2236 p.
664 2178 745 2220 185
776 2176 967 2222 Tauchn.
1008 2177 1049 2220 ἐν
1079 2177 1201 2232 πεδίῳ
1230 2179 1464 2233 καλουμένῳ
1491 2180 1674 2234 Θώρακι,
1704 2181 1773 2235 ἐφ’

341 2255 372 2311 ᾧ
400 2255 675 2310 σταυρωθῆναί
702 2259 810 2311 φασι
842 2256 1042 2320 ᾼαφίταν
1071 2257 1140 2299 τὸν
1169 2258 1459 2311 γραμματικὸν
1488 2259 1775 2313 λοιδορήσαντοι

342 2335 435 2385 τοὺς
465 2333 671 2387 βασιλέως
697 2334 766 2378 διὰ
795 2335 966 2388 στίχου·

460 2412 680 2468 Πορφύρεοι
705 2414 932 2465 μώλωπες,
964 2414 1272 2468 ἀπορρινῆμικτικ
1301 2413 1435 2468 γάζης

578 2491 856 2546 Λυσιμάχου,
884 2492 1023 2537 Λυδῶν
1047 2491 1202 2546 ἄρχετε
1229 2492 1296 2535 καὶ
1330 2494 1519 2547 Φρυγίης.

345 2570 561 2631 Apollonii
587 2569 798 2613 distichon
830 2572 872 2614 in
906 2570 1209 2615 callimachum
1242 2572 1443 2630 scriptum
1468 2571 1619 2629 legitur
1651 2573 1702 2615 A.
1723 2571 1771 2615 P.

347 2649 407 2693 xl
427 2681 439 2702 ,
472 2651 574 2694 275.

401 2727 681 2781 Καλλίμαχος
711 2728 758 2770 τὸ
788 2726 1003 2782 κάθαρμα,
1037 2728 1083 2771 τὸ
1108 2727 1321 2780 παίγνιον,
1354 2729 1373 2770 ὅ
1399 2727 1554 2780 ξύλινος
1587 2732 1672 2779 νοῦς
1694 2744 1703 2756 ·

580 2806 704 2858 αἴτιος
728 2807 748 2852 ὃ
777 2807 945 2862 γράψας
972 2809 1098 2854 Atreu
1126 2808 1417 2863 Καλλίμαχος.
