1794 3412
926 264 1161 303 -86—

449 388 589 436 μοῖραν
617 382 771 435 ἔχουσαι
803 382 912 426 κάτω
937 390 1009 433 τῆς
1037 385 1122 427 τότ’
1149 386 1399 438 ἁνακτοριής.

333 464 517 518 Quorum
557 477 722 504 sensus:
759 464 884 505 etiam
917 473 1080 506 mortua
1122 474 1163 506 et
1204 465 1246 505 in
1280 465 1420 508 inferis
1461 464 1652 507 vaticinia
1683 464 1759 507 ho·

330 540 513 586 minibus
557 540 705 586 fundo.
783 540 937 584 Confer
963 543 1300 586 «Anacreontem
1347 543 1400 587 A.
1444 544 1490 587 P.
1522 542 1610 593 Vl,
1656 546 1758 588 346.

329 620 464 667 αἰῶνος
495 624 636 673 μοῖραν
667 619 803 682 ἔχοντ’
833 621 1007 671 ἀγαθήν.
1039 622 1120 667 VII
1140 654 1152 673 ,
1192 624 1288 666 152.
1323 623 1366 668 8.
1400 622 1441 666 ἐν
1470 621 1637 675 χάριτος
1669 638 1763 675 προ-

329 697 458 750 <peieret
484 702 627 751 μοῖραν
659 697 810 751 ἔχοντα
841 698 974 752 μόρου.
1425 715 1427 717 ·

389 778 529 821 Etiam
558 778 763 834 Meleager
786 779 945 837 primus
975 778 1254 838 Anthologiae
1280 779 1504 829 conditor,
1539 787 1581 822 et
1606 780 1764 823 Inseri-

329 858 522 914 ptionum
568 865 610 902 et
651 859 1008 916 Epigrammatum
1055 859 1189 902 edidit
1235 858 1528 917 Florilegium.
1594 859 1672 903 Cui
1708 859 1759 902 ad

329 937 529 979 amasium
562 936 750 981 Dioclem
787 938 911 980 misso
939 938 1152 996 praefatus
1176 947 1238 982 est
1264 939 1482 997 prooemio
1510 937 1640 981 Anth.
1669 938 1760 983 Pal.

327 1015 388 1057 IV
407 1047 419 1065 ‚
457 1019 495 1059 1.
529 1016 570 1057 in
603 1030 686 1073 quo
718 1015 901 1073 singulos
929 1026 1071 1074 poetas
1101 1017 1275 1060 floribus
1305 1016 1530 1060 fruticibus
1564 1025 1606 1060 et
1637 1017 1762 1060 arbo·

327 1094 445 1136 ribus
475 1102 706 1152 comparat.
756 1095 837 1141 lbi
867 1095 1022 1153 legitur
1051 1103 1111 1140 v's.
1141 1099 1210 1140 17.

445 1174 626 1226 Rama-²52⁴
651 1190 697 1218 τε
723 1173 1004 1218 πλατάνιστον
1033 1174 1222 1228 ἀπέθρισε
1249 1174 1478 1229 Πωμφίλού
1507 1175 1635 1224 οἵνης

562 1251 828 1304 ozimi-aemon
857 1253 1019 1307 κωρύκς
1036 1253 1168 1309 ἔρνεα-ι’
1186 1252 1468 1308 Παγκροὶτεσςῤ

329 1319 591 1373 Vocabulum
634 1330 738 1380 οἴνης
780 1339 1027 1390 corruptum
1071 1332 1142 1376 alii
1178 1319 1321 1377 'aliter
1350 1328 1576 1377 ‘emendare
1621 1335 1760 1376 conati

326 1416 449 1459 sunt,
479 1410 676 1452 Reiskius
706 1410 865 1463 ὑγροῖς,
897 1405 1111 1454 Iacobsius
1146 1410 1302 1460 οὔλοις,
1342 1412 1539 1470 'equidem
1575 1421 1760 1456 tentave-

324 1502 413 1530 ram
438 1486 551 1536 ὅλης.
585 1487 668 1531 Sed
695 1489 903 1532 verissime
931 1489 1095 1533 monuit
1123 1491 1547 1534 Geelius'sermonem
1580 1491 1649 1535 hic
1678 1507 1763 1536 esse

325 1566 378 1609 de
403 1566 574 1624 platano
604 1567 674 1610 cui
704 1568 799 1610 vitis
822 1567 1066 1619 incumbat,
1098 1578 1139 1612 et
1165 1569 1345 1622 βλαισήν
1376 1569 1492 1628 quod
1514 1569 1566 1614 de
1591 1570 1762 1629 platano

324 1645 479 1704 patulis
511 1647 636 1690 ramis
680 1646 826 1690 diffusa
854 1641 1151 1708 interpretatus
1193 1657 1282 1693 erat
1319 1649 1532 1693 Iacobzius
1554 1682 1565 1700 ,
1597 1651 1763 1693 nonnisi

325 1726 402 1768 viti
433 1733 475 1768 et
512 1725 716 1777 hederae,¹
766 1726 1038 1784 quae'flexus
1083 1726 1265 1770 habeant
1303 1742 1440 1771 ramos
1479 1736 1522 1771 et
1565 1730 1757 1781 tortiles,

325 1802 457 1848 tribui
485 1819 620 1862 posse.
685 1803 767 1847 Sed
807 1804 859 1847 de
885 1805 1177 1850 emendatione
1219 1821 1346 1864 quam
1385 1806 1522 1851 eidem
1559 1808 1647 1851 viro
1685 1808 1762 1851 do·-

325 1883 509 1926 ctissimo
535 1890 748 1940 acceptam
778 1882 974 1927 tulimus:

441 1962 622 2013 βλαισήν
651 1978 698 2004 τε
728 1960 1010 2006 πλωτανίστου
1035 1962 1228 2017 ἰἐπέθρισε
1259 1963 1488 2019 Παμφίλου
1518 1967 1621 2016 oium
1662 2002 1665 2005 Α

326 2041 546 2099 scrupulus
585 2040 690 2084 mihi
722 2048 938 2093 remanet,
981 2056 1111 2099 quum
1150 2042 1357 2100 Meleager
1395 2043 1628 2087 Simonidis
1668 2059 1759 2087 car-

324 2123 433 2165 mina
480 2121 632 2163 dixerit
670 2119 752 2165 νέον
787 2118 964 2169 οἷναὶνθης
995 2126 1140 2172 κλῆμα
1172 2137 1230 2165 νε.
1258 2124 1309 2173 8,
1343 2132 1384 2165 et
1415 2122 1496 2171 oi'vn
1533 2132 1575 2166 et
1604 2123 1758 2174 οἰνάνθη

324 2209 543 2259 poetarum
583 2214 657 2241 usu
701 2199 1004 2256 significatione
1044 2215 1126 2242 non
1175 2201 1427 2260 discrepent.
1500 2202 1756 2261 Meleagrum

326 2290 462 2323 autem
508 2279 691 2322 diversos
722 2280 864 2337 poetas
892 2294 987 2322 cum
1023 2279 1166 2323 eadem
1198 2282 1348 2324 arbore
1377 2298 1459 2325 non
1490 2292 1755 2341 comparatu-

325 2375 418 2403 rum
450 2360 573 2402 fuisse
605 2360 684 2401 iam
721 2359 772 2401 ab
816 2358 905 2401 aliis
949 2360 1171 2403 monitum.
1246 2361 1456 2419 Equidem
1494 2377 1606 2405 nunc
1654 2363 1756 2404 arti·

324 2440 508 2482 ficiosius
554 2437 714 2496 aliquid
753 2439 1015 2496 excogitavi,
1049 2437 1161 2497 quod
1192 2438 1258 2481 vix
1300 2438 1386 2482 ulla
1415 2442 1647 2485 mutatione
1688 2457 1754 2485 re-

323 2520 495 2562 stituere
531 2518 658 2560 licet:

439 2597 619 2650 βλαισήν
649 2612 696 2640 τε
727 2596 1006 2639 πλατάνιστον
1035 2595 1225 2650 ἀπέθρισε.
1254 2597 1482 2651 Παμφίλου
1511 2597 1625 2652 οἵνῳς.

323 2679 382 2723 Ut
408 2677 493 2736 ipsa
521 2676 739 2736 platanuS,
773 2676 930 2726 βλοοισὴ
957 2674 1105 2723 oruata,
1140 2675 1304 2717 dicatur
1325 2677 1515 2719 manibus
1541 2677 1756 2721 tortilibus

322 2758 420 2799 vitis
465 2755 663 2798 adstricta
694 2769 796 2798 esse.
860 2755 923 2797 Ita
967 2752 1141 2814 βλορισός
1185 2754 1272 2796 fere
1311 2755 1467 2812 passive
1507 2766 1751 2814 usurpatum

322 2844 472 2879 statuo.
540 2833 730 2879 Eiusdem
763 2834 967 2892 prooemii
996 2848 1141 2891 parum
1169 2833 1407 2877 intellectus
1436 2843 1494 2877 est
1529 2851 1587 2880 vs.
1620 2838 1691 2879 22.
