1794 3412
921 230 1153 268 —42-

1776 0 1794 240 ἒ

326 363 445 408 pares
486 350 655 392 fuerunt
698 348 767 392 sed
807 350 972 406 ingenio
1015 349 1176 392 diverso
1206 357 1386 408 quatuor
1416 365 1460 393 ex
1504 358 1660 408 septem
1692 346 1794 394 sai-'1¹

325 427 539 487 pientibus
563 459 574 477 ,
618 427 693 484 qui
715 427 916 469 ‘carmina
956 428 1147 486 gnomica
1190 428 1446 485 scripserunt
1483 438 1758 488 auctoresque

326 507 573 551 exstiterunt
598 504 756 563 elegiae
784 507 948 563 gravis,
979 521 1171 557 severae,
1205 506 1335 549 tristis
1357 516 1399 550 et
1423 509 1622 560 tetricae,
1658 508 1760 552 chi·
1788 516 1794 546 ἱ

1785 550 1789 558 ι

325 585 368 628 lo
387 617 400 636 ‚
434 585 620 629 Pittacus
641 616 654 636 ,
685 583 912 628 Periander
944 583 1191 628 Corinthius
1220 594 1262 629 et
1286 585 1416 630 solon
1461 587 1727 632 Atheniensis
1747 621 1758 638 ,
1782 623 1794 648 ,Α

326 664 400 722 qui
428 664 471 706 in
499 678 583 706 uno
620 671 782 706 tantum
824 663 1011 706 alterove
1047 663 1230 707 carmine
1265 664 1424 723 aliquid
1456 664 1508 709 de
1541 650 1794 742 severitate}

325 742 528 787 remisisse
566 749 609 785 et
649 756 809 786 amores
859 741 1055 800 furtaque
1092 743 1291 786 cecinisse
1333 742 1513 788 videtur.
1585 743 1758 788 Nullum

326 838 424 867 vero
453 822 508 865 ab
538 820 624 864 ullo
653 820 804 864 horum
842 822 1049 879 scriptum
1081 835 1250 865 carmen
1285 821 1516 880 elegiacum
1547 837 1758 867 memora-
1790 813 1794 829 ¹

326 910 416 946 tum
445 901 583 961 reperi
615 899 728 960 quod
760 899 959 944 contendi
991 900 1122 958 possit
1164 915 1260 944 cum
1289 900 1512 945 Phoenicis
1540 902 1725 945 versibus
1745 935 1761 954 ,
1787 886 1794 941 ’ἶ

325 980 380 1025 de
410 980 565 1040 quibus
602 980 822 1023 Pausanias
850 979 888 1023 I.
922 981 967 1026 9.
998 982 1042 1024 8.
1082 982 1133 1028 ὥς
1162 980 1324 1024 Φοίνικα
1354 981 1422 1023 τὸν
1452 980 1616 1033 ἰάμβων
1646 996 1759 1029 ποιη-
1792 964 1794 1018 J

324 1061 399 1111 τὴν
426 1060 611 1113 θρηνῆσαι
641 1059 716 1108 τὴν
745 1056 898 1102 ἅλωσιν
919 1072 929 1083 ·
962 1057 1243 1111 Ἑρμησιάναξ
1271 1058 1312 1102 δὲ
1339 1060 1358 1102 ὅ
1384 1059 1442 1102 τὰ
1464 1060 1634 1110 ἐλεγεῖα
1656 1059 1759 1113 χροὶ-

323 1143 412 1192 ψοις
438 1138 570 1182 οὐκέτι
588 1170 601 1188 ,
634 1137 880 1189 ἐμοὶδοκεῖν
896 1170 909 1186 ,
943 1143 1080 1191 περιῆν
1096 1151 1106 1162 ·
1138 1137 1302 1188 πάντως
1329 1137 1414 1192 γάρ
1438 1154 1516 1182 που
1541 1138 1610 1181 καὶ
1637 1139 1762 1185 αὐτὸς

323 1217 377 1261 ἂν
403 1217 470 1261 ἐπὶ
501 1217 657 1273 ἁλούσῃ
691 1221 898 1273 Κολοφῶνι
931 1217 1121 1271 ὠδύρατο.
1187 1218 1450 1276 Quamquam
1491 1217 1590 1263 hinc
1623 1232 1764 1276 neque

325 1294 380 1340 de
409 1303 572 1347 metro,
602 1311 688 1355 quo
718 1297 921 1355 scriptum
950 1296 1079 1340 fuerit
1111 1295 1333 1340 Phoenicis
1359 1310 1555 1348 carmen,
1595 1296 1762 1355 liquido
1792 1325 1794 1343 2

325 1383 488 1419 constat
507 1389 643 1432 neque
670 1375 910 1418 coniectura
933 1374 1160 1418 Pausaniae
1187 1373 1240 1417 de
1270 1376 1479 1427 carmine,
1513 1375 1626 1434 quod
1655 1375 1762 1419 Her-

327 1454 623 1497 mesianactem
658 1453 693 1495 si
720 1453 763 1495 in
795 1453 894 1495 vivis
929 1452 1078 1496 fuisset
1111 1453 1367 1511 scripturum
1401 1453 1532 1496 ‘fuisse
1572 1454 1763 1512 opinatus
1790 1451 1794 1454 ’

329 1541 419 1583 est,
463 1532 693 1590 quicquam
736 1530 958 1589 probatur.
1021 1530 1106 1574 Sed
1142 1530 1196 1574 de
1235 1530 1541 1574 recentioribus
1587 1532 1764 1575 inferius

328 1608 593 1662 videbimus5
626 1608 707 1652 hoc
730 1608 824 1652 loco
849 1609 973 1652 unice
996 1609 1385 1667 antiquissimorum
1409 1618 1630 1668 poetarum
1654 1612 1764 1654 ratio

328 1688 520 1733 habenda
548 1696 611 1731 est
636 1695 809 1746 propter
826 1687 991 1731 Horatii
1022 1687 1176 1731 verba:
1202 1691 1407 1746 primum
1432 1692 1761 1747 querimoniam

328 1903 499 1940 ber-tatem
522 1901 684 1938 vindicati
707 1907 792 1938 sunt
816 1907 852 1938 et
885 1900 967 1937 urbs
992 1903 1136 1938 Messene
1160 1901 1294 1938 condita
1320 1909 1392 1948 est,
1421 1903 1464 1938 cl.
1490 1905 1587 1940 raus.
1607 1905 1680 1948 lv,
1705 1905 1763 1939 27.

328 1974 363 2009 4.
399 1972 655 2009 ἐπεκαλοῦντο
685 1970 728 2008 δὲ
754 1970 796 2007 ἓν
827 1970 943 2020 κοινῷ
978 1972 1043 2007 καὶ
1076 1969 1196 2020 ἥρωάς
1225 1983 1362 2017 σφισιν
1398 1970 1600 2017 §nauriunt
1634 1975 1766 2009 συνοί-

329 2054 417 2085 κους
438 2062 488 2069 ·—·
513 2042 673 2088 πλείστη
697 2039 739 2078 δὲ
765 2042 829 2078 καὶ
854 2041 955 2090 παρὰ
980 2041 1128 2078 πάντων
1151 2040 1365 2091 ἀνθρώπων
1385 2041 1593 2088 ἀνάκλησις
1617 2040 1763 2091 ἐγίνετο

329 2110 636 2161 Ἀριστομένους.
681 2109 748 2145 Sed
773 2108 827 2145 nil
856 2109 987 2145 mirum
1020 2115 1166 2158 posteros
1201 2122 1350 2159 qnorum
1384 2109 1512 2146 famam
1538 2110 1662 2158 scripto
1685 2122 1764 2146 con—

327 2180 477 2231 signavit
510 2179 715 2224 Pausanias,
751 2177 928 2213 credidisse
959 2178 1119 2213 carminis
1154 2177 1316 2214 cantandi
1351 2190 1482 2214 morem
1515 2184 1554 2214 Aet
1584 2178 1694 2215 ritum
1725 2191 1763 2214 ex

328 2249 437 2298 prisca
459 2248 669 2297 antiquitate
691 2246 916 2296 repetendum
942 2257 1021 2282 esse.
1071 2248 1119 2281 Ex
1141 2245 1266 2281 verbis:
1293 2240 1397 2294 ᾆσμα
1434 2246 1478 2283 τὸ
1511 2249 1576 2284 καὶ
1609 2246 1648 2289 ἐς
1669 2246 1763 2295 ἡμᾶς

327 2315 388 2354 ἔτι
412 2315 599 2366 ᾀδόμενον
622 2314 760 2363 colligas
780 2314 861 2351 licet
879 2314 942 2349 hoe
967 2326 1106 2350 carmen
1129 2314 1318 2363 elegiacum
1343 2316 1526 2352 Pausaniae
1549 2321 1660 2352 aetate
1684 2329 1763 2352 can·

327 2386 474 2423 tilenam
497 2385 695 2435 popularem
719 2382 846 2428 fuisse,
881 2382 972 2433 quod
1003 2382 1147 2431 Bergkio
1170 2382 1284 2418 visum
1313 2383 1421 2432 Lyric.
1446 2397 1478 2432 p.
1494 2385 1575 2436 832.
1624 2383 1688 2419 Sed
1711 2384 1762 2419 in-

328 2454 510 2504 terpretari
535 2453 678 2490 malim:
703 2464 842 2488 carmen
885 2451 975 2501 quod
1013 2451 1213 2487 etiamnunc
1237 2458 1376 2487 cantare
1407 2452 1516 2488 solent
1552 2451 1700 2488 Messenii
1724 2452 1763 2487 in

329 2523 430 2560 sacris
452 2522 578 2572 quibus
596 2519 817 2556 Aristomenis
848 2519 967 2556 colunt
998 2519 1217 2556 memoriam:
1245 2532 1275 2555 v.
1301 2522 1396 2555 Paus.
1419 2522 1482 2565 1v,
1510 2522 1566 2556 14.
1591 2523 1626 2556 5.
1653 2523 1764 2570 Ἀρι-

328 2591 511 2640 στομένης
545 2592 610 2627 καὶ
646 2592 717 2626 νῦν
746 2587 804 2625 ἔτι
842 2587 892 2631 ὡς
926 2588 1020 2638 ἥρως
1044 2590 1125 2634 ἔχει
1150 2588 1251 2636 παρὰ
1288 2591 1525 2635 Μεσσηνίοις
1564 2590 1700 2637 τιμάς,
1727 2597 1762 2626 et

328 2660 445 2710 paullo
469 2666 565 2710 post:
602 2658 869 2708 Ἀριστομένει
903 2657 944 2696 δὲ
979 2657 1124 2706 πατέρα
1151 2657 1341 2703 Ἑλλήνων
1379 2658 1417 2694 οἱ
1450 2658 1587 2695 πολλοὶ
1610 2661 1762 2709 Πύρρον

329 2731 449 2776 φασὶν
472 2727 599 2775 εἶναι,
625 2730 865 2776 Μεσσηνίους
887 2728 929 2766 δὲ
957 2723 1044 2765 οἶδα
1067 2727 1213 2769 αὐτούς
1235 2725 1300 2763 ἐπὶ
1334 2733 1417 2768 ταῖς
1445 2727 1626 2770 σπονδαῖς
1650 2732 1763 2779 Ἀρι.

330 2800 514 2848 στομένην
539 2800 786 2849 Νικομήδους
813 2800 1036 2842 καλοῦντας.
1088 2799 1127 2833 In
1154 2796 1216 2833 hoc
1241 2796 1310 2844 ipso
1336 2796 1486 2833 carmine
1510 2802 1604 2845 puta.
