1794 3412
654 240 891 280 ..19—

47 369 181 424 Quem
224 374 538 426 pentametrum
580 365 716 409 minus
756 372 870 408 recte
915 364 1240 423 interpretatum
1272 371 1378 423 puto
1411 365 1499 408 Eu·

46 447 251 493 stathium
282 447 333 491 ad
373 448 501 492 Hom.
534 445 618 491 Od.
652 461 699 505 p.
717 447 800 497 63,
838 446 911 491 21.
952 444 1083 489 ἰστέον
1114 445 1155 488 δὲ
1186 443 1247 488 ὅτι
1274 443 1402 487 αἴτιον
1434 443 1500 486 ἀεὶ

43 532 141 583 παρ’
157 530 323 583 Ὁμήρῳ
343 529 391 572 τὸ
413 527 486 578 τὴν
504 526 641 570 αἰτίαν
664 528 735 569 τοῦ
752 525 968 578 γινομένου
989 525 1110 580 ἔχον,
1136 526 1171 569 οἱ
1196 524 1237 568 δὲ
1254 526 1345 577 μεθ’
1359 525 1499 576 ’Όμη-

44 625 107 664 ρον
133 608 203 653 καὶ
229 608 297 652 ἐπὶ
330 607 557 652 ὑπευθύνων
583 607 657 657 τὴν
684 604 797 658 λέξιν
819 606 999 650 τιθέασιν
1016 640 1029 656 ,
1062 607 1113 655 ὡς
1139 605 1296 656 aanor&
1327 605 1501 660 γράψας

46 692 94 734 τὸ
137 706 165 733 »
182 688 311 738 αἴτιος
335 713 396 721 -
421 685 747 741 Καλλιμάχου”
792 687 917 738 ἤγουν
939 686 1156 736 ὑπεύθυνος
1190 687 1259 730 καὶ
1297 686 1503 736 κολάσεως

48 769 187 822 ἄξιος,
222 785 348 830 quam
376 769 706 829 explicationem
733 774 911 827 propter
938 765 1053 810 hunc
1083 768 1223 826 ipsum
1250 768 1395 811 locum
1414 801 1426 820 ,
1461 778 1508 811 ut

49 850 246 902 videtur,
282 849 507 892 confictam
538 847 749 906 nulloque
791 847 876 889 alio
907 845 1004 889 loco
1028 846 1240 890 firmatam
1271 848 1510 907 probarunt

50 932 139 975 fere
165 929 438 974 recentiores.
498 926 610 972 Mihi
636 942 736 971 vero
765 941 908 970 sensus
935 941 1025 970 esse
1052 925 1222 970 videtur
1256 941 1284 968 »
1301 925 1428 970 huius
1457 927 1510 971 dc

49 1011 219 1071 ingenio
247 1024 323 1053 suo
363 1006 513 1051 iudicii
544 1008 635 1067 ipse
665 1015 815 1050 auctor
854 1007 1018 1050 exstitit
1048 1005 1336 1051 Callimachus
1355 1041 1366 1057 ‚
1401 1009 1506 1051 scri-

50 1092 134 1152 ptis
160 1088 391 1135 Causarum
414 1087 589 1134 libris.''
643 1087 732 1132 flos
759 1087 875 1131 enim
901 1088 1139 1130 carminum
1167 1086 1302 1131 libros
1329 1089 1513 1132 maxime

52 1171 181 1216 exiles
217 1181 260 1214 et
303 1169 452 1228 stipite
483 1168 635 1228 dignos
675 1167 876 1212 habuisse
909 1167 1078 1211 videtur
1111 1168 1366 1228 Apollonius
1387 1202 1398 1219 ,
1432 1178 1511 1221 ut,

55 1253 132 1296 nisi
163 1251 287 1296 Aetia
329 1248 566 1308 scripsisset
608 1247 926 1300 Callimachus,
958 1247 1042 1292 hoc
1084 1248 1139 1293 de
1179 1250 1271 1293 eius
1308 1249 1513 1294 facultate

52 1333 217 1394 poetica
245 1329 454 1374 iudicium
483 1329 619 1373 videri
658 1330 791 1389 possit
832 1330 1047 1389 iniquum.
1109 1329 1228 1374 Idem
1259 1330 1515 1390 Apollonius

53 1414 146 1457 aliis
184 1424 357 1471 quoque
394 1411 709 1469 epigrammatis
750 1408 1063 1455 Callimachum
1093 1410 1336 1462 allatravit,
1369 1420 1417 1454 ut
1448 1411 1514 1454 in-

56 1492 264 1551 telligitur
289 1506 339 1534 ex
370 1490 569 1534 lemmate
585 1523 598 1542 ,
632 1490 750 1550 quod
775 1492 1018 1535 Antoninus
1045 1491 1257 1536 Liberalis
1285 1492 1515 1536 Metamor-

58 1571 247 1632 phoseon
266 1571 399 1631 capiti
414 1570 580 1615 XXIII.
615 1570 898 1630 historiaeque
914 1570 968 1615 dc
986 1571 1112 1615 Batto
1131 1605 1142 1623 ,
1162 1573 1238 1630 qui
1255 1572 1519 1616 Mercurium

57 1651 206 1697 fraude
237 1651 369 1703 lusit,
402 1651 647 1710 inscripsit:
683 1652 837 1706 ἱστορεῖ
867 1651 1090 1706 Νίκανδρος
1115 1651 1446 1706 Ἑτεροιουμένων
1472 1654 1518 1695 α’

56 1733 125 1777 καὶ
153 1731 331 1781 Ἡσίοδος
359 1732 402 1775 ἐν
427 1730 660 1784 Μεγάλαις
688 1732 842 1781 Ἠοίαις
875 1732 945 1775 καὶ
984 1732 1255 1787 Διδύμαρχος
1291 1738 1517 1787 Μεταμορ-

54 1814 223 1868 Φῶσεων
247 1815 293 1865 γ’
321 1812 391 1856 καὶ
421 1813 655 1864 Ἀντίγονος
691 1813 733 1855 ἐν
758 1817 854 1860 ταῖς
888 1813 1154 1856 Ἀλλοιώσεσι
1191 1812 1260 1855 καὶ
1301 1813 1516 1857 Ἀπολλώ-

57 1910 132 1944 νιος
149 1894 169 1938 ὃ
185 1893 330 1943 Ῥόδιος
348 1895 391 1936 ἐν
407 1891 778 1946 Ἐπιγράμμασιν,
813 1891 863 1940 ὥς
891 1896 996 1946 <Duo-1
1021 1894 1272 1948 Παμφίλη
1299 1894 1340 1936 ἐν
1357 1895 1399 1936 α’
1432 1894 1517 1949 (1).

107 2105 138 2150 ¹)
162 2102 286 2152 Scripsi
311 2103 499 2151 Παμφίλη
525 2113 586 2151 pro
607 2103 832 2150 Πάμφιλος.
867 2101 1039 2152 Pamphili
1067 2101 1312 2146 Alexandrini,
1338 2104 1518 2140 Gramma-

60 2171 178 2207 matini
223 2171 456 2216 Aristarchei,
494 2184 664 2220 magnum
702 2171 845 2208 Lexicon
880 2173 969 2222 περὶ
1003 2172 1184 2223 γλωσσῶν
1216 2174 1283 2209 καὶ
1319 2171 1519 2222 ὀνομάτων

60 2241 193 2291 saepius
218 2240 261 2276 ad
274 2247 387 2290 partes
412 2245 511 2276 vocat
538 2239 761 2287 Athenaeus,
788 2254 827 2277 ex
852 2241 981 2291 quihus
1003 2242 1171 2292 excerptis
1191 2249 1233 2279 ut
1258 2255 1297 2279 ex
1317 2242 1389 2292 ipso
1413 2243 1523 2280 etiam

60 2310 168 2346 titulo
194 2316 290 2360 patet
314 2309 450 2346 fabulas
473 2322 512 2346 ex
546 2308 763 2359 mythologia
799 2309 922 2347 ductas
948 2311 986 2347 in
1012 2323 1051 2348 eo
1075 2324 1144 2347 non
1174 2311 1379 2362 perscriptas
1407 2311 1522 2350 fuisse.

59 2379 124 2416 Sed
150 2378 328 2429 Pamphile
351 2378 563 2429 Epidauria,
588 2378 717 2415 mulier
742 2379 996 2428 eruditissima,
1030 2381 1067 2416 in
1093 2381 1356 2418 Commentariis
1380 2382 1524 2419 Histori-

60 2449 131 2494 cis,
156 2449 200 2485 de
212 2449 340 2499 quibus
352 2449 492 2496 Suffitas,
505 2463 537 2486 ν.
562 2450 775 2498 Παμφίλη,
804 2451 984 2502 ἱστορικά
1009 2451 1262 2500 ὑπομνήματα
1281 2451 1324 2489 ἐν
1350 2452 1525 2503 βιβλίοις

63 2522 144 2571 λγ,
170 2519 359 2569 ἐπιτομήν
384 2519 460 2556 τῶν
495 2522 672 2567 Κτησίου
695 2519 738 2557 ἐν
763 2520 939 2570 βιβλίοις
965 2527 1018 2573 γ’,
1046 2522 1234 2571 ἑπιτομάς
1272 2524 1456 2574 ἱστοριῶν
1483 2539 1524 2562 τε

63 2594 128 2630 καὶ
150 2591 290 2642 ἑτέρων
315 2590 480 2640 βιβλίων
512 2593 806 2641 παμπλείστας,
832 2593 1000 2642 plurimas
1035 2593 1171 2631 fabulas
1197 2601 1233 2631 et
1256 2594 1401 2632 fabellas
1426 2609 1524 2632 enar·

63 2663 176 2708 ravit,
203 2677 235 2701 v.
273 2662 359 2699 Gell.
386 2665 425 2698 N.
452 2665 492 2699 A.
513 2665 594 2708 XV,
621 2665 680 2699 17.
707 2667 741 2699 3.
776 2665 835 2700 23.
860 2666 894 2700 2.
910 2691 921 2708 ,
951 2664 1166 2714 singulisque
1197 2664 1380 2701 Variarum
1412 2665 1525 2701 Histo-

64 2733 195 2769 riarum
221 2732 393 2783 capitibus
425 2733 573 2770 indicem
610 2712 778 2768 {edidisse
804 2732 941 2768 videtur
977 2733 1185 2783 scfipwmm
1218 2739 1255 2770 et
1288 2732 1460 2770 librorum
1486 2746 1525 2770 ex

66 2801 191 2851 quibus
215 2816 277 2840 sua
299 2803 527 2841 desnmserat.
577 2807 674 2851 Quae
708 2815 819 2852 quum
845 2805 974 2840 Nerone
999 2805 1194 2854 imperante
1218 2804 1342 2840 vixerit
1356 2831 1366 2850 ,
1394 2804 1524 2855 aliqua-

69 2877 170 2910 tenus
194 2873 317 2912 saltem
337 2874 379 2912 de
401 2880 514 2912 aetate
539 2887 608 2924 qua
629 2872 811 2910 floruerint
838 2872 1088 2922 Didymarchus
1109 2881 1143 2910 et
1165 2873 1361 2925 Antigonus
1383 2881 1524 2913 constat,

1158 2943 1222 2984 2*
