1794 3412
683 244 890 281 ..3-

54 369 103 414 In
139 368 336 412 ultimum
366 366 554 427 denique
592 366 784 410 reiiciam
819 364 962 409 locum
999 365 1186 409 carmina
1218 377 1326 423 quae
1360 361 1411 406 ad
1451 363 1513 406 ia·

52 449 273 494 cessendos
300 449 623 508 irridendosque
652 447 757 491 alios
775 447 933 506 scripta
955 454 1080 490 sunt:
1112 444 1355 490 Σκωπτικοέ.
1393 444 1514 490 Utri·

51 545 186 591 usque
213 531 343 590 partis
359 530 621 574 carminibus
646 544 726 589 per
750 527 885 571 libros
907 527 1080 586 digestis
1108 526 1342 570 secundum
1371 524 1516 570 diver·

51 627 94 655 sa
132 626 286 671 genera
317 619 360 656 et
390 612 526 655 varias
554 625 759 671 generum
788 610 950 667 species
969 642 978 658 ,
1013 606 1276 666 singulorum
1304 607 1516 651 librorum

52 692 191 752 capita
216 691 479 752 disponenda
508 665 634 735 erunt
650 680 814 734 ratione
832 688 978 732 habita
1002 688 1152 732 aetatis
1175 702 1258 748 qua
1277 689 1516 732 floruerunt

54 781 205 833 poetae
237 771 588 832 singularumque
616 769 977 833 Anthologiarpm
1005 768 1264 814 conditores.
1328 769 1389 813 Ex
1418 769 1516 829 qui·

53 854 131 896 bus
163 851 269 895 mihi
308 853 350 894 in
389 849 705 910 epigrammatis
736 848 991 908 colligendis
1020 857 1063 893 et
1093 848 1385 892 describendis
1412 863 1518 909 pru-

51 931 301 976 dentissimo
333 929 515 974 consilio
544 944 643 974 usus
674 944 762 973 esse
794 928 968 973 videtur
1009 928 1213 989 Agathias
1240 929 1516 988 Myrinaeus,

52 1013 128 1072 qui
152 1011 394 1072 aequalium
421 1019 644 1072 poetarum
675 1010 866 1054 carmina
892 1016 1055 1068 septem
1087 1008 1207 1053 libris
1233 1008 1482 1069 complexus
1502 1040 1514 1062 ,

55 1095 96 1138 in
136 1102 221 1138 tres
262 1092 427 1153 priores
465 1107 514 1137 ea
555 1091 703 1136 retulit
750 1105 862 1151 quae
895 1080 972 1134 ⁸aut
1019 1104 1163 1135 revera
1215 1090 1517 1150 inscriptiones

55 1182 178 1219 erant
219 1182 293 1217 aut
337 1171 390 1216 ad
421 1172 748 1232 inscriptionum
793 1172 1020 1232 imaginem
1060 1172 1273 1231 scriptae,
1306 1171 1517 1231 epigram-

55 1264 218 1298 matum
260 1267 359 1296 vero
393 1252 557 1296 diversa
598 1267 752 1313 genera
791 1253 834 1295 in
866 1260 1051 1311 quatuor
1086 1252 1344 1311 posteriores
1373 1250 1518 1295 distri-

53 1336 163 1380 buit.
226 1334 348 1379 Idem
380 1334 608 1378 consilium
638 1334 682 1377 in
711 1332 954 1393 digerendis
981 1333 1243 1377 carminibus
1281 1333 1365 1376 fuit
1396 1333 1517 1378 Con-

53 1416 230 1459 stantini
274 1415 516 1475 Cephalae,
563 1414 634 1459 sed
680 1423 839 1475 quanta
890 1415 1054 1459 incuria
1099 1413 1308 1474 Cephalas
1350 1415 1394 1458 in
1438 1414 1518 1457 hac

54 1497 286 1555 partitione
328 1497 370 1539 in
412 1496 546 1539 libros
577 1504 620 1539 et
646 1496 788 1555 capita
822 1504 1009 1538 versatus
1046 1496 1128 1546 sit,
1177 1495 1343 1554 patebit
1381 1511 1430 1539 ex
1467 1496 1518 1538 iis

57 1591 167 1636 quae
199 1577 376 1635 sparsim
409 1585 451 1619 et
482 1577 636 1636 passim
673 1576 726 1619 ad
761 1576 925 1635 singula
953 1576 1258 1636 epigrammata
1296 1577 1520 1619 annotavi-

56 1671 166 1702 mus.
229 1656 508 1716 Antiquiores
534 1672 634 1701 vero
654 1690 667 1710 ,
703 1657 912 1715 Meleager
945 1666 988 1701 et
1016 1655 1242 1716 Philippus
1259 1689 1271 1709 ,
1305 1656 1425 1700 nulla
1450 1672 1518 1700 ar-

54 1737 246 1797 gumenti
279 1737 445 1780 ratione
478 1736 653 1789 habita,
687 1738 993 1796 epigrammata
1034 1737 1267 1780 secundum
1294 1737 1517 1781 literarum

54 1816 247 1860 ordinem
287 1815 615 1876 disposuerunt,
649 1832 834 1876 quorum
863 1817 1071 1860 rationem
1107 1825 1276 1860 secutus
1301 1826 1363 1861 est
1394 1817 1517 1862 Iaco-

53 1899 166 1941 bsius
191 1898 232 1940 in
263 1897 560 1942 concinnanda
592 1897 844 1958 Appendice
873 1898 1240 1957 Epigrammatum
1265 1897 1319 1941 ad
1349 1897 1517 1942 Antho-

55 1978 207 2038 logiam
243 1977 494 2024 Palatinam.
558 1978 684 2023 Unde
713 1979 845 2038 magis
885 1980 1013 2022 etiam
1050 1993 1180 2037 quam
1209 1994 1258 2022 ex
1284 1980 1517 2023 maioribus

55 2060 299 2120 fragmentis
330 2059 616 2120 Anthologiae
642 2060 847 2119 Meleagri
873 2069 915 2104 et
946 2059 1173 2120 Philippi,
1208 2075 1317 2119 quae
1342 2061 1384 2104 in
1416 2060 1517 2104 Flo·

53 2141 205 2201 rilegio
264 2140 478 2202 Cephalae
520 2150 680 2185 servata
724 2150 1002 2201 comparent,
1052 2142 1310 2201 perspicitur
1359 2142 1517 2201 quibus

56 2222 338 2267 incommodis
371 2222 474 2265 haec
508 2222 618 2264 ratio
646 2222 827 2266 laboret.
891 2223 999 2266 Nam
1031 2231 1209 2281 propter
1239 2221 1322 2265 hoc
1346 2224 1517 2266 institu-

55 2313 146 2347 tum
179 2302 266 2346 duo
304 2302 608 2362 epigrammata
652 2302 694 2344 in
739 2302 932 2355 Musam,
966 2288 1156 2346 eiusdem
1188 2303 1306 2362 cippi
1344 2303 1516 2361 singulis

55 2382 261 2426 lateribus
293 2381 509 2440 insculpta
530 2416 540 2434 ,
575 2381 771 2426 Iacobsio
799 2381 1050 2426 disiicienda
1084 2382 1288 2435 suerunt,
1324 2383 1419 2427 aliis
1450 2384 1517 2427 in·

55 2464 242 2507 teriectis
263 2497 274 2516 ,
315 2478 357 2508 v.
385 2476 424 2507 c.
459 2463 546 2507 338
572 2471 614 2507 et
648 2465 751 2508 349.
814 2464 873 2508 Ut
903 2464 984 2507 tria
1020 2464 1323 2524 epigrammata
1353 2466 1398 2508 in
1425 2465 1517 2510 Me-

54 2543 265 2587 nandrum
313 2558 335 2586 a
378 2542 562 2586 Grutero
606 2558 654 2587 ex
693 2557 778 2586 uno
820 2543 1060 2605 eodemque
1102 2545 1259 2590 Herma
1303 2544 1518 2605 descripta

55 2623 226 2668 diversis
267 2623 466 2682 leguntur
503 2624 608 2668 locis
629 2658 639 2677 ‚
684 2640 726 2669 v,
757 2639 797 2670 c.
829 2627 943 2678 185,
977 2628 1095 2679 286,
1130 2629 1251 2681 3773
1288 2628 1389 2671 item
1429 2626 1516 2670 duo

56 2704 136 2747 alia
165 2705 208 2747 in
242 2704 478 2748 Homerum
501 2739 512 2757 ‚
548 2721 586 2750 v.
620 2720 658 2748 c.
709 2707 788 2748 154
817 2714 859 2749 et
889 2708 992 2751 279.
1056 2707 1151 2750 Pari
1186 2707 1314 2750 modo
1359 2706 1518 2752 Melea-

58 2799 130 2842 gro
159 2792 202 2828 et
225 2784 429 2845 Philippo
453 2786 577 2845 plura
603 2787 818 2837 carmina,
853 2801 900 2829 ex
932 2786 1082 2831 eodem
1111 2787 1278 2830 tumulo
1306 2786 1518 2832 eiusdem-

59 2879 141 2923 que
170 2873 328 2909 statuae
359 2867 446 2910 basi
489 2867 698 2925 descripta
722 2901 732 2920 ,
769 2867 1021 2926 seiungenda
1054 2870 1258 2921 suerunt,
1295 2881 1402 2927 quae
1434 2869 1516 2912 cri·

1152 2949 1169 2990 ι
1192 2952 1216 2977 κε
