1794 3412
647 232 884 273 -29-

40 360 122 419 ptis
148 357 263 400 locus
292 364 380 400 erat
411 358 452 399 in
483 357 835 416 inscriptionibus
865 363 1238 399 monumentorum
1272 356 1496 415 sepulcra·-

39 439 144 483 lium
165 470 177 490 ,
211 451 320 496 quae
353 451 486 496 quum
529 451 653 497 saepe
691 436 817 481 binae
853 444 1024 489 essent,
1059 437 1101 480 in
1142 435 1275 480 altera
1305 434 1499 481 defuncti

36 526 349 580 parentumque
391 532 548 562 nomen
580 526 623 561 et
656 519 840 577 patriam
875 526 1022 561 ornate
1062 516 1350 561 enunciabant
1390 531 1500 576 poe-

38 608 133 654 tae3
167 600 210 643 in
235 598 368 642 altera
399 613 499 642 vero
532 597 756 642 scribenda
796 598 974 642 liberius
1013 599 1168 643 versati
1208 597 1337 642 modo
1373 596 1502 642 verba

39 680 198 740 quibus
240 679 523 724 moribundus
561 680 751 739 cognatis
791 678 1080 732 valedixerat,
1115 680 1344 725 memoriae
1381 693 1505 722 man-

37 760 225 815 dabant,
262 777 303 806 v.
339 761 396 806 A.
424 760 473 806 P.
499 759 606 812 VII,
642 762 746 805 513.
780 761 885 804 646.
920 761 1025 805 647.
1061 762 1165 806 735.
1209 759 1338 804 modo
1375 773 1504 819 prae-

0 827 4 902 ἶ
37 849 209 901 ceptum
242 856 265 884 a
308 839 512 883 defuncto
545 839 690 883 datum
733 838 922 883 versibus
962 839 1252 892 enarrabant,
1285 855 1329 886 v.
1369 841 1424 885 A.
1454 839 1503 885 P.

0 935 3 979 f
38 920 151 974 vn,
183 921 288 965 648.
323 919 396 963 ubi
428 919 610 964 alterum
646 919 906 978 epigramma
946 917 1103 977 legitur
1135 932 1175 964 c.
1208 921 1312 964 440.
1377 920 1505 964 Eius-

0 980 2 1004 ?
37 999 154 1045 modi
195 1000 518 1059 inscriptionem
565 1014 607 1045 c.
647 1002 735 1043 735
783 998 995 1044 Leonidas
1035 999 1291 1043 Tarentinus
1330 998 1504 1044 videtur

39 1080 254 1140 scripsisse
279 1081 323 1124 in
351 1079 570 1125 hominem
600 1081 673 1140 qui
699 1080 839 1140 patria
864 1079 1016 1123 relicta
1041 1088 1237 1123 mortuus
1262 1090 1380 1133 erat,
1414 1079 1505 1123 for-

38 1170 145 1206 tasse
175 1161 218 1205 in
249 1162 454 1221 seipsum
474 1195 485 1214 ,
521 1177 561 1207 V.
593 1175 632 1208 c.
651 1164 755 1210 715.
789 1159 1016 1205 Addantur
1036 1161 1346 1222 epigrammata
1376 1161 1432 1206 A.
1454 1161 1504 1207 P.

35 1233 123 1293 lx.
157 1243 234 1288 23.
265 1243 339 1286 96.
371 1255 481 1301 quae
506 1241 667 1285 iniuria
705 1240 758 1285 ad
791 1241 1079 1286 Ἐπιδεικτικά
1106 1241 1304 1286 retulisse
1334 1240 1504 1286 videtur

37 1320 262 1381 Cephalas.
323 1321 401 1367 His
432 1322 624 1382 proxime
667 1321 963 1382 subiungenda
1006 1338 1103 1383 pars
1145 1322 1503 1383 epigrammatum

36 1401 136 1446 libri
176 1401 367 1455 decimi,
413 1417 523 1462 quae
563 1401 844 1458 Προτρεκτικοέ
886 1401 996 1446 dixit
1033 1401 1270 1463 Cephalus,
1316 1411 1360 1447 et
1405 1412 1504 1464 post

37 1481 144 1525 haec
173 1481 382 1541 aptiorem
413 1481 587 1535 locum,
630 1498 758 1542 quam
792 1491 888 1542 post
919 1481 1122 1537 Ἐρωτικοὶ
1158 1491 1233 1527 aut
1273 1483 1504 1528 Σκωπτικῶ

38 1561 256 1605 invenient
298 1561 438 1604 omnia
483 1562 672 1605 carmina
718 1563 883 1605 minora
930 1564 1036 1606 varii
1078 1564 1347 1622 argumenti,
1394 1579 1505 1624 quae

38 1640 322 1686 Ἐπιδεικτικοὶ
366 1640 475 1685 dixit
516 1640 756 1702 Cephalas,
806 1643 1005 1689 collecta.
1070 1644 1376 1704 Antiquiorum
1420 1645 1504 1689 iam

38 1730 260 1781 poetarum
290 1721 476 1781 plurima
504 1731 667 1767 exstant
699 1722 798 1767 talia
839 1724 1017 1767 minoris
1057 1724 1242 1768 ambitus
1286 1727 1504 1778 carmina,

38 1810 85 1846 ut
115 1802 301 1847 Platonis
320 1836 331 1854 ,
366 1802 603 1847 Mnasalcae
631 1803 722 1855 IX,
753 1806 858 1855 70.,
893 1802 1108 1863 Pamphili
1140 1818 1180 1848 c.
1207 1807 1281 1849 57.
1300 1837 1312 1857 ,
1347 1805 1508 1850 Leoni-

40 1883 118 1928 dae
160 1883 380 1927 Tarentini
405 1883 491 1936 tx,
531 1885 604 1928 78.
639 1885 711 1928 79.
750 1884 849 1943 Ipso
897 1899 998 1928 vero
1035 1883 1343 1928 Ἐπιδεικτικῶν
1374 1885 1504 1931 titulo

38 1963 180 2010 omnia
219 1964 537 2024 Epigrammata
578 1964 632 2007 ab
674 1964 1035 2024 Inscriptionibus
1075 1967 1300 2027 seiungere
1341 1967 1502 2027 possita,

42 2053 193 2106 utpote
222 2060 245 2088 a
274 2045 367 2088 foro
396 2046 627 2089 remotiora
658 2054 702 2089 et
729 2047 772 2090 in
805 2047 956 2090 umbra
989 2049 1162 2107 scripta.

98 2124 264 2170 Medius
304 2125 422 2168 locus
464 2126 576 2169 inter
615 2125 720 2170 haec
760 2128 951 2171 carmina
992 2137 1036 2172 et
1075 2127 1307 2172 Σκωπτικοέ
1338 2127 1503 2173 dandus

40 2204 206 2249 videtur
231 2205 559 2265 Epigrammatis
587 2207 832 2259 amatoriis,
852 2207 941 2251 sive
965 2207 1220 2252 mulieribus
1245 2209 1334 2252 sive
1358 2209 1504 2269 pueris

39 2286 209 2346 scriptis
231 2318 242 2337 ,
276 2294 319 2329 et
363 2286 645 2345 sympotici8‚
679 2301 788 2346 quae
832 2302 915 2331 una
956 2289 1166 2340 Παιγνίων
1212 2288 1504 2349 appellatione

40 2365 404 2427 comprehendere
443 2367 592 2426 possis.
658 2367 752 2424 Quo
784 2369 956 2413 nomine
993 2384 1078 2414 non
1113 2378 1280 2413 tantum
1322 2369 1504 2415 cantile-

37 2463 112 2492 nas
154 2456 198 2492 et
237 2448 427 2491 carmina
474 2448 634 2492 maiora
675 2450 913 2508 argumenti
952 2450 1149 2494 amatorii
1186 2450 1412 2504 dicebant,
1456 2460 1505 2496 ut

38 2529 280 2589 Gnesippus
308 2527 465 2573 dicitur
503 2529 850 2585 παιγνιαγράφος
876 2536 951 2582 τῆς
977 2532 1128 2586 ἱλαροῖς
1154 2531 1311 2584 μούσης
1340 2530 1502 2578 Athen.

40 2608 158 2655 xlv.
194 2611 266 2655 43.
288 2641 300 2662 ‚
346 2609 516 2668 Botryis
561 2609 796 2670 Salpesque
825 2610 1052 2656 laudantur
1094 2611 1281 2664 Παίγνια
1312 2628 1335 2655 a
1365 2613 1503 2671 Nym·

41 2687 236 2748 phodoro
253 2697 295 2732 et
325 2688 522 2742 Alcime,
559 2689 720 2736 Athen.
739 2691 819 2736 Vn
838 2724 851 2743 ,
877 2694 963 2735 322
997 2693 1082 2746 A„
1117 2692 1312 2738 Philotae
1330 2708 1503 2753 quoque

43 2777 84 2813 et
108 2769 286 2814 Glauces
320 2769 618 2823 μεμεθυσμένα
647 2771 828 2824 παίγνια
856 2771 1050 2817 Μουσέων
1082 2772 1240 2831 Hedyl.
1282 2772 1388 2819 Ath.
1407 2774 1468 2818 IV
1487 2809 1498 2827 ‚

49 2850 132 2892 176
162 2850 215 2897 C.
260 2860 301 2896 et
341 2852 487 2896 Laevii
528 2853 708 2898 Romani
751 2862 899 2912 poetae
946 2855 1352 2914 »Erotopaegnia''
1388 2855 1500 2903 Geli.
