1794 3412
920 267 1185 306 -166—

336 388 484 441 Φαλᾶς
523 387 628 428 ratio
671 386 768 428 inde
807 386 1033 443 repetenda
1073 386 1267 438 videtur,
1312 388 1424 446 quod
1471 388 1764 446 Anthologiam

336 482 415 524 pro
443 473 688 523 argumento
716 466 758 508 in
793 464 953 522 singula
984 464 1198 508 distribuit
1230 467 1368 524 capita
1387 499 1399 519 ,
1430 468 1450 511 ὁ
1477 466 1767 522 κεφαλαιωσοέ·

334 560 467 596 μενος.
531 543 593 587 De
625 559 709 602 quo
737 544 887 602 legitur
919 546 960 587 in
997 545 1193 588 lemmate
1225 545 1275 588 ad
1301 547 1361 590 lv
1379 578 1391 597 ‚
1429 549 1467 591 1.
1502 546 1697 596 συνέταξε
1726 546 1768 588 δὲ

334 623 354 663 ὅ
380 619 622 676 Μελέαγρος
659 622 716 665 τα
752 621 1061 676 ἐπιγράμματα
1099 624 1212 668 κατα
1251 629 1452 679 στοιχεῖον
1467 658 1481 674 ,
1514 625 1632 669 ἄλλα
1662 632 1784 668 Κων-.

334 705 546 750 σταντῖνος
569 701 589 744 ὂ
615 701 958 756 ἐπονομαζόμενος
985 706 1190 758 Κεφαλᾶς
1217 704 1408 758 συνέχεεν
1431 704 1545 749 αὐτὰ
1569 704 1770 759 ἀφορίσας

334 780 392 827 εἷς
418 778 636 834 κεφαλαια
665 779 855 836 διάφορα,
917 782 979 825 De
1007 782 1191 826 eiusdem
1221 783 1408 827 moribus
1435 783 1545 841 legas
1574 782 1626 826 ad
1655 781 1765 832 ΥΠ.

338 860 379 904 1.
410 859 522 913 ἀρχὴ
550 863 628 902 τῶν
654 859 908 912 ε’πιτυμβίων
940 859 1271 915 ἐπιγραμμάτων
1301 860 1352 904 ὧν
1383 861 1622 916 ἐσχεδίασεν
1652 861 1671 904 ὃ
1699 861 1769 905 κύ·

332 952 410 991 ριος
450 943 748 987 Κωνσταντῖνος
787 939 806 981 ὅ
844 942 1049 994 Κεφαλᾶς
1066 972 1079 989 ,
1126 941 1145 983 ὂ
1180 939 1378 995 μακάριος
1418 940 1488 985 καὶ
1525 940 1769 993 ἀείμνηστος

333 1016 401 1060 καὶ
433 1016 664 1071 τριπόθητος
694 1015 908 1071 ἄνθρωπος.
972 1018 1176 1078 Cephalas
1205 1019 1288 1062 suit
1315 1018 1548 1077 discipulus
1579 1019 1770 1076 Gregorii

333 1096 553 1155 Magistri,
587 1097 639 1140 de
678 1112 763 1156 quo
792 1106 954 1142 constat
988 1112 1036 1143 ex
1068 1098 1265 1143 lemmate
1293 1097 1344 1140 ad
1371 1098 1452 1142 VII
1471 1130 1483 1149 ,
1518 1101 1619 1142 429.
1650 1100 1769 1141 τοῦτο

331 1176 378 1218 τὸ
411 1175 662 1230 ἐπίγραμμα
689 1176 708 1218 ὁ
733 1177 938 1231 Κεφαλᾶς
970 1175 1226 1230 προεβάλετο
1257 1177 1298 1220 ἐν
1324 1182 1374 1231 τῇ
1400 1183 1536 1232 σχολῇ
1565 1181 1639 1227 τῆς
1676 1175 1768 1225 νέοις

332 1254 552 1304 ἐκκλησίας
579 1254 647 1299 ἐπὶ
673 1258 745 1300 τοῦ
775 1254 1004 1310 μακαρίτου
1030 1255 1246 1309 Γρηγορίου
1272 1257 1343 1300 τοῦ
1365 1255 1613 1310 μαγίστορος
1630 1287 1644 1305 ,
1679 1257 1709 1300 i.
1726 1271 1766 1301 e.

332 1348 501 1377 carmen
553 1334 828 1392 aenigmatice
867 1334 1073 1392 scriptum
1116 1332 1208 1377 aliis
1252 1332 1497 1378 solvendum
1546 1335 1769 1393 proposuit

334 1422 547 1472 tamquam
576 1411 744 1466 ζήτημα
772 1412 962 1471 praeside
991 1413 1197 1471 Gregorio
1228 1413 1456 1471 Magistro,
1490 1428 1514 1455 a
1540 1428 1625 1471 quo
1651 1412 1764 1457 idem

331 1507 354 1535 e
380 1491 521 1550 lapide
558 1491 816 1550 descriptum
850 1492 1056 1550 accepisse
1090 1491 1272 1535 videtur.
1336 1492 1598 1551 Quamquam
1627 1500 1670 1536 et
1697 1492 1765 1536 ἐπὶ

330 1570 543 1625 Γρηγορίου
566 1573 639 1615 τοῦ
664 1570 912 1624 μαγίστορος
940 1571 1206 1629 interpretari
1228 1571 1358 1630 possis
1403 1586 1432 1613 »
1450 1571 1653 1629 Gregorio
1677 1586 1768 1615 ma·

330 1652 460 1709 gistro
501 1651 696 1708 Byzantii
743 1651 888 1696 vivo.’'
966 1650 1106 1694 Minus
1147 1650 1272 1708 plene
1314 1649 1476 1694 dictum
1517 1653 1589 1694 τοῦ
1633 1652 1766 1703 μαγί-

330 1744 496 1782 στορος,
538 1727 649 1786 quod
690 1729 902 1787 integrum
946 1728 1102 1788 legitur
1133 1728 1195 1773 ad
1223 1729 1261 1774 Ι.
1309 1731 1408 1774 109.
1454 1729 1657 1781 Ἰγνατίου
1694 1733 1766 1774 τοῦ

329 1808 576 1862 μαγίστορος
601 1811 680 1853 τῶν
716 1812 1031 1862 γραμματικῶν.
1092 1809 1142 1852 ln
1173 1809 1343 1867 porticu
1368 1809 1502 1867 igitur
1537 1825 1669 1853 novae
1696 1824 1766 1853 ec-

330 1887 478 1930 clesiae
503 1887 695 1944 Byzantii
718 1887 801 1931 fuit
825 1886 969 1931 schola
992 1887 1360 1944 grammaticorum
1375 1919 1389 1939 ,
1422 1895 1469 1931 ut
1495 1888 1537 1931 in
1563 1887 1734 1932 basilica
1749 1921 1761 1941 ,

329 1980 436 2026 quae
463 1965 676 2018 βασίλειος
703 1964 807 2009 στοά
840 1964 969 2009 dicta.
1032 1965 1082 2008 In
1119 1964 1199 2008 hac
1226 1965 1502 2010 versabantur
1535 1965 1763 2011 docebant-

331 2059 413 2104 que
452 2042 695 2102 philosophi
740 2044 1001 2101 grammatici
1050 2041 1240 2087 rhetores
1284 2052 1325 2089 et
1371 2045 1675 2097 iureconsulti,
1724 2061 1765 2092 v,

328 2123 486 2182 Agath.
519 2123 630 2167 Hist.
650 2122 722 2174 11,
754 2124 827 2167 29.
870 2137 916 2180 p.
942 2124 1044 2167 127.
1077 2125 1152 2167 20.
1195 2123 1292 2174 111,
1328 2126 1374 2169 2.
1404 2139 1447 2182 p.
1470 2125 1569 2168 138.
1606 2127 1675 2169 15.
1707 2125 1764 2170 cl.

327 2205 409 2262 Ep.
443 2203 497 2247 A.
529 2202 577 2248 P.
605 2201 666 2247 IX
685 2233 697 2253 ‚
730 2203 834 2248 660.
866 2203 924 2250 εἷς
953 2203 1028 2252 τὴν
1055 2202 1278 2254 βασιλικὴν,
1306 2206 1385 2246 τῶν
1414 2202 1700 2257 παιδευτηρίων
1723 2204 1765 2246 ἐν

326 2281 554 2336 Βυζαντίῳ,
589 2280 701 2325 unde
723 2280 1008 2325 emendandus
1031 2281 1271 2340 Stephanus
1291 2282 1517 2339 Byzantius
1535 2297 1584 2327 v,
1614 2283 1763 2326 Ἀνακ·

325 2362 451 2416 τόμιον
483 2377 511 2404 »
529 2360 596 2404 καὶ
623 2359 815 2413 Εὐγένιος
838 2360 882 2403 δὲ
908 2361 927 2404 ὅ
954 2360 1029 2415 πρὸ
1053 2362 1165 2413 ’ἡμῶν
1188 2361 1266 2410 τὰς
1292 2362 1335 2404 ἐν
1362 2368 1414 2416 τῇ
1443 2361 1630 2413 βασιλίδι
1661 2377 1762 2415 oxo-

326 2442 406 2490 λας
432 2440 753 2493 διακοσμήσαὲ”
787 2439 861 2483 ubi
887 2439 1022 2483 scribe
1045 2440 1260 2494 βασιλικῇ.
1326 2440 1552 2498 Gregorius
1577 2440 1652 2484 ille
1671 2441 1762 2485 Ma·-

326 2523 455 2579 gister
484 2521 527 2563 in
555 2518 776 2562 itineribus
803 2532 879 2577 per
909 2519 1050 2562 Asiam
1078 2519 1288 2563 Minorem
1321 2527 1364 2562 et
1401 2519 1620 2563 Graeciam
1647 2527 1763 2562 c‘om-

325 2600 467 2658 plures
498 2598 670 2656 collegit
698 2598 1023 2656 inscriptiones,
1056 2612 1156 2655 quas
1197 2596 1401 2655 Cephalus
1432 2598 1475 2640 in
1506 2596 1762 2655 Anthologia

325 2695 395 2722 sua
425 2695 446 2721 a
475 2685 748 2737 praeceptore
777 2684 968 2735 acceptas
997 2676 1158 2736 primus
1189 2676 1353 2734 publici
1386 2677 1489 2719 iuris
1521 2676 1667 2720 fecisse
1696 2677 1761 2718 vi-

324 2761 464 2804 detur.
528 2757 718 2815 Gregorii
758 2772 882 2815 opera
925 2758 967 2799 in
1002 2755 1272 2799 describenda
1322 2756 1599 2814 inscriptione
1639 2754 1763 2812 Cyzi-

326 2854 422 2882 cena
447 2837 639 2882 laudatur
663 2838 703 2880 in
724 2837 895 2880 scholiis
919 2837 967 2880 ad
1004 2838 1055 2882 A.
1078 2836 1122 2881 P.
1142 2833 1219 2880 Vll
1238 2867 1250 2887 ,
1283 2838 1383 2880 334.
1421 2844 1448 2881 t.
1471 2836 1562 2887 111,
1597 2852 1641 2894 p.
1657 2837 1758 2880 294.
