1794 3412
621 265 891 307 —151-

38 400 150 438 sunt.
225 390 374 449 Neque
411 389 552 434 ἀοιδῶν
594 388 647 435 de
679 387 894 435 choreutis
933 386 1300 448 interpretandum
1323 418 1333 437 ‚
1380 384 1494 444 quod

36 470 276 518 Dissenium
305 471 453 515 fecisse
486 470 611 515 video
629 503 640 522 ,
675 469 747 514 sed
776 470 829 515 de
859 471 996 529 poetis
1017 503 1028 522 ,
1063 468 1221 528 quibus
1249 467 1495 511 solemniter

35 554 123 599 fere
151 553 284 608 σοφία
324 552 548 600 tribuitur.
611 550 697 613 Sed
725 567 810 596 non
853 565 986 594 unum
1030 558 1199 610 poetam
1244 548 1497 607 Antigenem

35 633 108 680 sed
148 632 330 678 chorum
375 647 548 692 quoque
586 630 804 676 dedicasse
838 630 1048 691 tripodem
1070 663 1082 683 ,
1117 637 1165 674 ut
1195 629 1356 673 factum
1389 643 1499 687 quo-

37 730 121 776 que
160 731 183 758 a
223 713 356 759 choro
397 712 748 760 Gnrthneensium
782 722 825 757 et
867 711 1161 771 Bacchylide,
1204 710 1499 756 demonstrant

37 795 192 841 verbex
225 789 262 839 οἳ
290 819 351 826 —-
375 794 564 845 θήκαντο.
629 793 883 851 Antigenem
909 807 1008 836 vero
1034 790 1298 851 dithyrambi
1329 799 1497 850 poetam

35 876 164 920 fuisse
205 873 360 920 docent
401 889 543 920 versus
571 873 805 921 Simonidis
838 871 891 917 de
928 888 972 919 se
1001 872 1044 916 in
1086 873 1392 931 epigrammate
1429 885 1499 915 su-

35 956 181 1015 perius
209 952 463 1000 emendato:

153 1035 271 1091 ἀμφὶ
302 1033 550 1090 διδασκαλίῃ
573 1032 615 1078 δὲ
646 1032 850 1089 Σιμωνίδῃ
873 1031 1026 1077 ἕσπετο
1058 1032 1175 1082 κῦδος

275 1114 594 1168 ὀγδωκονταέτει
624 1114 740 1159 παιδὶ
772 1113 1058 1169 Λεωπρέπεος.

38 1196 160 1254 Quod
213 1204 381 1242 tantum
421 1195 473 1240 nd
512 1194 837 1253 dithyrambum
879 1203 1071 1255 spectare
1118 1201 1277 1255 potest.
1343 1193 1502 1240 Confer

36 1276 197 1324 Athen.
221 1278 259 1321 V
278 1311 290 1330 ,
328 1279 407 1325 181
444 1278 497 1325 Β.
538 1275 713 1323 καθόλου
749 1276 791 1320 δὲ
820 1275 1010 1332 διάφορος
1038 1274 1084 1328 ἦν
1116 1277 1140 1328 ἦ
1174 1276 1350 1329 μουσικὴ
1386 1275 1503 1329 παρα

35 1364 120 1408 τοῖς
154 1359 363 1409 Ἕλλησι,
405 1363 486 1404 τῶν
513 1358 591 1412 μὲν
626 1358 849 1408 Ἀθηναίων
883 1357 982 1408 τοὺς
1022 1357 1315 1407 Διονυσιακοὺς
1355 1358 1502 1412 χοροὺς

33 1439 319 1496 προτιμώντων
363 1440 434 1485 καὶ
465 1440 561 1490 τοὺς
594 1439 785 1489 κυκλίους
802 1473 816 1490 ,
861 1439 1118 1495 Συρακοσίων
1148 1439 1190 1484 δὲ
1220 1439 1317 1489 τοὺς
1353 1440 1504 1492 ἰαμβι-

35 1520 158 1570 στάς.
191 1521 303 1567 Max.
336 1521 439 1579 Tyr.
462 1521 579 1573 v11.
622 1537 670 1581 p.
694 1523 771 1568 76.
812 1521 940 1565 καλὸν
970 1521 1048 1573 μὲν
1084 1520 1424 1574 Λακεδαιμονίοις
1455 1522 1503 1565 τὸ

36 1601 288 1657 ε’μβατῆριον
317 1600 446 1645 καλὸν
476 1601 519 1646 δὲ
555 1601 784 1651 Ἀθηναίοις
822 1603 870 1645 τὸ
900 1601 1080 1648 κύκλιον.
1147 1602 1327 1649 Versum
1368 1603 1505 1662 septi-

37 1697 155 1728 mum
179 1691 223 1726 et
246 1690 443 1726 octavum
471 1697 557 1726 non
583 1690 689 1742 puto
716 1682 771 1726 ab
795 1683 912 1728 omni
932 1691 1053 1743 parte
1075 1698 1197 1727 sanos
1222 1698 1362 1743 neque
1386 1691 1504 1729 recte

38 1771 204 1809 sanatos
234 1778 351 1807 esse:
387 1778 484 1808 nam
516 1762 632 1823 quod
665 1763 874 1824 Bergkius
911 1764 1099 1808 coniecit
1130 1763 1338 1819 Δωριεύς,
1373 1764 1417 1809 id
1449 1765 1504 1808 ab

38 1845 131 1905 ipso
164 1844 437 1889 coniecturae
475 1852 651 1889 auctore
687 1844 935 1889 dubitanter
970 1845 1270 1904 propositum,
1302 1860 1381 1890 nee
1406 1861 1505 1891 sane

38 1925 215 1980 Δωριεὺς
246 1926 434 1980 Ἀργεῖος
459 1924 563 1969 ferri
591 1933 748 1984 potest.
811 1925 885 1968 Vs.
916 1926 987 1970 10.
1018 1934 1270 1984 corruptum
1302 1927 1394 1971 sine
1424 1926 1504 1971 du-

38 2005 140 2052 hio:
173 2004 356 2060 ἅρμασιν
384 2006 426 2050 ἐν
453 2006 662 2061 Χαρίτων,
697 2005 813 2066 quod
852 2005 1056 2065 singulari
1087 2020 1267 2051 numero
1307 2006 1503 2053 dicturus

42 2087 190 2133 suisset
221 2095 364 2146 poeta.
431 2085 659 2131 Coniiei0:

639 2165 825 2219 οὶγκοὲσιν
856 2168 897 2210 ἐν
925 2166 1109 2222 Χαρίτων
1133 2170 1336 2224 Φορηθείς.

44 2234 253 2306 Οοωρειτα
285 2246 530 2292 Stratonem
571 2247 625 2292 Δ.
654 2246 703 2293 Ρ.
727 2247 841 2299 XII,
875 2249 979 2294 200.
1013 2251 1059 2294 3.
1100 2248 1170 2292 καὶ
1201 2251 1286 2302 μὴν
1321 2251 1391 2295 καὶ
1435 2253 1505 2297 τὸν

39 2327 103 2373 ὅτ’
133 2325 246 2371 ἐστὶν
273 2327 316 2371 ἐν
347 2324 532 2379 οἶγκοὶσιν
563 2326 657 2370 εὐθὺ
689 2325 890 2377 θέλοντα,
931 2335 977 2372 et
1012 2326 1066 2372 ad
1097 2331 1351 2375 sententiam
1379 2331 1504 2379 Pind.

41 2408 170 2457 Nem.
192 2408 259 2461 V,
294 2410 367 2453 41.
413 2408 510 2458 θεᾶς
550 2406 784 2461 Εὐθύμενες
821 2408 957 2459 Νίκας
997 2409 1041 2452 ἐν
1080 2410 1314 2462 οέγκώνεσσι
1356 2415 1507 2458 πιτνὼν

42 2490 235 2534 ποικίλων
273 2487 465 2543 ἔψαυσας
506 2486 654 2542 ὕμνων.
700 2487 860 2536 Rhian.
891 2489 946 2535 A.
976 2489 1026 2535 P.
1052 2490 1166 2544 XII,
1202 2494 1304 2538 121.
1338 2501 1380 2538 et
1416 2494 1504 2540 Me-

43 2570 174 2631 leagri
205 2569 267 2615 ib.
295 2572 398 2615 122.

155 2649 227 2695 ΨΩ.
259 2649 433 2706 Χάριτες
457 2650 527 2695 τὸν
552 2650 680 2695 καλὸν
711 2649 1007 2706 Ἀρισταγόρην
1038 2652 1262 2705 ε’ςιδοῦσαι,

285 2732 422 2777 ἀντίον
454 2733 511 2781 εἷς
542 2731 751 2789 τρυφερας
783 2732 1067 2785 ἠγκαλίσασθε
1100 2734 1245 2789 χέρας.

47 2812 120 2858 Vs.
151 2814 200 2856 11
236 2820 278 2856 et
315 2815 384 2861 12.
419 2813 576 2858 iniuria
610 2829 688 2873 pro
721 2812 959 2859 subditiciis
992 2813 1120 2860 habet
1152 2815 1509 2863 Schneidewinus

50 2892 119 2936 sed
153 2894 318 2953 scripsit
352 2903 505 2953 poeta:
