1794 3412
707 259 944 299 —59—

87 385 171 430 cles
199 386 243 429 in
276 386 515 444 fragmento
542 399 588 427 ex
619 383 822 443 Thamyri
853 383 1057 442 decerpto
1076 415 1086 434 ,
1121 398 1165 427 n.
1195 383 1298 426 728.

201 468 246 510 οὐ
277 465 423 519 νάβλα
450 471 708 514 κωκυτοῖσιν,
742 466 787 510 οὐ
818 464 924 520 λύρα
955 464 1061 520 φίλη
1079 497 1093 514 ,

85 555 129 591 et
152 548 339 592 carmina
363 547 524 591 flebilia
548 547 722 601 ἀλύρους
748 546 857 590 dixit
883 543 1031 598 ὕμνους
1065 543 1296 604 Euripides
1316 543 1360 585 in
1387 539 1564 607 Alcest3

90 631 192 674 466.
226 628 342 687 quod
375 627 607 671 rectissime
652 629 955 686 interpretatus
988 635 1051 670 est
1096 626 1181 669 iam
1223 623 1551 667 Valckenaerius

90 709 142 753 ad
175 710 281 754 Eur.
309 708 471 755 Phoen.
503 711 632 752 1034.
695 707 816 751 Idem
848 707 978 751 Herc.
1011 707 1062 751 F.
1094 708 1196 751 888.

209 787 472 844 κατάρχεται
503 788 733 843 χορεύματ’
758 786 859 841 ἄτερ
889 786 1095 831 τυπάνων.

91 871 146 916 Et
174 870 390 914 Musarum
418 877 566 912 cantus
588 869 678 911 sine
702 867 892 910 citharae
913 867 1050 910 modis
1071 875 1332 910 memoratur
1361 866 1405 909 in
1429 865 1554 925 plan-

86 950 220 1010 genda
262 949 445 993 Achillis
483 956 623 992 morte
666 946 818 1007 odyss,
846 947 1021 1000 XXIV,
1057 950 1131 992 60.
1196 947 1292 990 Huc
1324 962 1421 990 vero
1451 961 1553 989 cave

86 1031 278 1075 conferas
323 1028 495 1075 Hesiodi
529 1043 673 1072 versus
713 1027 767 1071 de
809 1028 920 1072 Lino
956 1026 1193 1080 Thebano,
1241 1026 1427 1071 Uraniae
1463 1027 1554 1071 filio

88 1111 200 1172 apud
235 1110 505 1155 Eustathium
537 1109 666 1154 Hom.
699 1109 756 1155 11.
784 1109 815 1153 l.
844 1125 884 1155 c.
918 1108 1075 1168 quibus
1107 1108 1427 1152 demonstratur
1458 1124 1550 1152 om-

87 1208 162 1236 nes
197 1200 346 1252 poetas
383 1200 427 1235 et
468 1191 663 1236 fidicines
704 1191 748 1233 in
792 1189 968 1234 exordio
1007 1198 1050 1233 et
1089 1190 1133 1232 in
1185 1188 1271 1232 fine
1311 1189 1551 1233 carminum

90 1274 246 1318 Linum
270 1277 503 1319 invocasse.
568 1271 691 1329 Quod
716 1274 842 1314 unice
869 1270 921 1314 ad
948 1270 1259 1331 rhapsodorum
1290 1271 1550 1315 Boeotorum

90 1354 276 1399 scholam
294 1355 380 1399 sive
397 1362 553 1399 sectam
583 1362 774 1414 spectare
804 1352 975 1396 videtur
1006 1356 1059 1409 ¹).
1122 1352 1185 1396 De
1219 1352 1422 1396 tibiarum
1452 1367 1554 1396 can-

92 1445 139 1480 tu
171 1435 237 1479 his
275 1435 413 1479 modis
443 1434 640 1478 adhibito
684 1433 864 1477 addatur
902 1432 1173 1492 Hesychius:
1221 1434 1427 1489 τορέλλη,
1463 1435 1551 1477 ἐπι-

89 1517 271 1572 Φώνημα
309 1515 535 1570 θρηνητικὸν
585 1514 660 1558 σὺν
707 1516 821 1569 αὐλῷ
869 1513 1086 1570 Θρᾳκικόν.
1154 1514 1316 1559 Athen.
1345 1514 1436 1565 IV,
1476 1517 1550 1560 76.

94 1600 179 1641 174
211 1598 263 1642 Ε.
309 1595 571 1650 γιγγραΐνοις
601 1596 747 1644 αὐλοῖς
771 1620 832 1628 ——·
857 1594 927 1646 ὀξὺ
967 1595 1036 1638 κα)
1070 1595 1209 1649 γοερὸν
1248 1595 1552 1651 φθεγγομένοις

88 1679 126 1723 οἱ
150 1680 284 1732 Κᾶρες
322 1681 505 1732 χρῶνται
536 1676 577 1719 ἐν
607 1680 693 1725 τοῖς
725 1677 901 1730 θρήνοις,
937 1676 1094 1720 collata
1139 1676 1341 1735 Hesychii
1381 1677 1516 1736 glossa
1535 1694 1548 1721 ε

89 1764 289 1814 Καρῖναι,
323 1757 502 1813 θρηνῳδοὶ
533 1756 753 1810 μονα-ικαὶ,
786 1758 832 1801 αἱ
858 1757 953 1806 τοὺς
989 1757 1147 1812 νεκροὺς
1178 1758 1235 1812 τῷ
1263 1758 1384 1812 θρήνῳ
1416 1773 1551 1812 παρα-

87 1839 330 1894 πέμπουσαι
355 1839 453 1894 πρὸς
479 1837 558 1887 τας
589 1838 737 1894 ταφὰς
768 1838 839 1881 καὶ
866 1837 924 1881 τα
951 1838 1067 1889 κήδη.
1102 1837 1482 1892 παρελαμβάνοντο
1510 1838 1551 1882 δὲ

89 1922 133 1965 αἱ
164 1921 250 1966 ἀπὸ
279 1920 436 1975 Καρίας
472 1925 683 1972 γυναῖκες.
752 1920 835 1963 Ubi
866 1920 1059 1978 corrige:
1094 1920 1139 1962 αἱ
1170 1918 1266 1970 τοὺς
1303 1920 1463 1974 νεκροὺς
1495 1923 1551 1975 τῷ

87 2003 210 2058 θρήνῳ
239 2001 556 2056 προπέμπουσαι
577 2015 587 2035 ‘—
620 2000 716 2055 πρὸς
749 2000 790 2044 δὲ
820 1999 900 2050 τοὶς
931 2000 1080 2056 ταφὰς
1108 2000 1178 2044 καὶ
1206 2000 1263 2044 τα
1294 2001 1396 2053 κήδη
1423 2017 1549 2055 παρε-

89 2082 358 2136 λαμβάνοντο
388 2083 434 2126 αἱ
457 2083 542 2126 ἀπὸ
570 2083 724 2137 Καρίας
753 2087 964 2134 γυναῖκες.
1030 2082 1179 2125 Festus
1216 2083 1259 2125 in
1290 2098 1329 2127 v,
1365 2083 1552 2139 Praefi-

93 2179 175 2207 cae
221 2179 249 2206 >›
265 2164 466 2207 dicuntur
508 2163 707 2207 mulieres
749 2163 802 2206 ad
831 2163 1149 2207 lamentandum
1187 2174 1403 2208 mortuum
1445 2179 1550 2207 con-

93 2243 246 2287 ductae
279 2259 387 2302 quae
414 2243 516 2286 dant
544 2244 721 2286 caeteris
747 2243 921 2286 modum
947 2242 1206 2302 plangendi,
1243 2245 1364 2303 quasi
1395 2245 1437 2288 in
1469 2245 1551 2288 hoc

94 2326 233 2387 ipsum
260 2325 513 2385 praefectae.
578 2323 784 2368 Naevius:
821 2323 926 2367 haec
958 2322 1131 2382 quidem
1164 2324 1377 2371 mehercle
1400 2326 1550 2386 opinor

143 2537 172 2582 ¹)
199 2533 300 2583 Apud
321 2536 470 2583 Propert.
490 2535 566 2578 ΙΙΙ,
594 2535 649 2568 13.
677 2535 711 2569 7.

238 2602 302 2639 Sed
327 2602 435 2652 magis
462 2609 503 2637 ut
530 2608 645 2638 nostro
669 2601 834 2651 stupefiat
859 2603 1008 2653 Cynthia
1034 2617 1133 2641 versu
1148 2632 1159 2651 ,

336 2678 423 2708 tunc
448 2685 509 2722 ego
534 2671 600 2708 sim
625 2671 771 2708 [nae-hio
797 2672 909 2709 notior
934 2679 1008 2710 arte
1031 2674 1138 2720 Lino,

92 2742 333 2793 corrigendum
358 2748 469 2791 puto.-

336 2818 422 2849 tunc
446 2823 507 2862 ego
531 2812 597 2848 sim
622 2813 732 2848 Aonio
758 2812 869 2849 notior
895 2817 968 2849 arte
994 2814 1088 2851 Line.

98 2881 216 2919 Thebis
243 2882 334 2919 enim
362 2889 464 2919 natus
491 2888 589 2931 poeta
614 2882 728 2918 Linus.
