<?xml version="1.0" encoding="UTF-8"?>
<!DOCTYPE html PUBLIC "-//W3C//DTD XHTML 1.0 Transitional//EN"
    "http://www.w3.org/TR/xhtml1/DTD/xhtml1-transitional.dtd">
<html xmlns="http://www.w3.org/1999/xhtml" xml:lang="en" lang="en">
 <head>
  <title>
</title>
<meta http-equiv="Content-Type" content="text/html;charset=utf-8" />
  <meta name='ocr-system' content='tesseract 3.04.00' />
  <meta name='ocr-capabilities' content='ocr_page ocr_carea ocr_par ocr_line ocrx_word'/>
</head>
<body>
  <div class='ocr_page' id='page_1' title='image "./commentationiscr00heckuoft_0121.png"; bbox 0 0 1794 3412; ppageno 0'>
   <div class='ocr_carea' id='block_1_1' title="bbox 641 259 904 302">
    <p class='ocr_par' dir='ltr' id='par_1_1' title="bbox 641 259 904 302">
     <span class='ocr_line' id='line_1_1' title="bbox 641 259 904 302; baseline -0.004 -1"><span class='ocrx_word' id='word_1_1' title='bbox 641 259 904 302; x_wconf 82' lang='lat'>—107-</span> 
     </span>
    </p>
   </div>
   <div class='ocr_carea' id='block_1_2' title="bbox 42 383 1515 2792">
    <p class='ocr_par' dir='ltr' id='par_1_2' title="bbox 42 383 1515 2792">
     <span class='ocr_line' id='line_1_2' title="bbox 282 383 1199 437; baseline -0.003 -7"><span class='ocrx_word' id='word_1_2' title='bbox 282 388 433 436; x_wconf 80' lang='grc' dir='ltr'><strong><em>αὐλοὺς</em></strong></span> <span class='ocrx_word' id='word_1_3' title='bbox 463 386 531 429; x_wconf 77' lang='grc' dir='ltr'><strong>καὶ</strong></span> <span class='ocrx_word' id='word_1_4' title='bbox 565 385 721 436; x_wconf 81' lang='grc' dir='ltr'><strong><em>ταύτην</em></strong></span> <span class='ocrx_word' id='word_1_5' title='bbox 753 384 918 437; x_wconf 79' lang='grc' dir='ltr'><strong><em>πύξινον</em></strong></span> <span class='ocrx_word' id='word_1_6' title='bbox 950 383 1199 434; x_wconf 78' lang='grc' dir='ltr'><strong><em>αὐλοδόκην“</em></strong></span> 
     </span>
     <span class='ocr_line' id='line_1_3' title="bbox 163 464 1240 525; baseline -0.006 -12"><span class='ocrx_word' id='word_1_7' title='bbox 163 472 186 521; x_wconf 81' lang='grc' dir='ltr'><strong><em>ἧ</em></strong></span> <span class='ocrx_word' id='word_1_8' title='bbox 213 468 390 525; x_wconf 83' lang='grc' dir='ltr'><strong><em>φιλέρως</em></strong></span> <span class='ocrx_word' id='word_1_9' title='bbox 420 466 586 522; x_wconf 88' lang='grc' dir='ltr'><strong><em>Σατύρη</em></strong></span> <span class='ocrx_word' id='word_1_10' title='bbox 614 467 655 511; x_wconf 77' lang='grc' dir='ltr'><strong>δὲ</strong></span> <span class='ocrx_word' id='word_1_11' title='bbox 687 465 757 510; x_wconf 84' lang='grc' dir='ltr'><strong>τὸν</strong></span> <span class='ocrx_word' id='word_1_12' title='bbox 783 464 950 520; x_wconf 78' lang='grc' dir='ltr'><strong><em>ἕσπερον</em></strong></span> <span class='ocrx_word' id='word_1_13' title='bbox 981 464 1240 518; x_wconf 74' lang='grc' dir='ltr'><strong><em>οἶνοποτηρων</em></strong></span> 
     </span>
     <span class='ocr_line' id='line_1_4' title="bbox 233 546 1172 604; baseline -0.006 -9"><span class='ocrx_word' id='word_1_14' title='bbox 233 601 235 603; x_wconf 45' lang='grc'><strong><em>,</em></strong></span> <span class='ocrx_word' id='word_1_15' title='bbox 282 550 533 604; x_wconf 72' lang='grc' dir='ltr'><strong><em>σύγκωμον,</em></strong></span> <span class='ocrx_word' id='word_1_16' title='bbox 566 549 669 603; x_wconf 77' lang='grc' dir='ltr'><strong><em>κηρῷ</em></strong></span> <span class='ocrx_word' id='word_1_17' title='bbox 697 546 957 602; x_wconf 79' lang='grc' dir='ltr'><strong><em>ζευξαμένη,</em></strong></span> <span class='ocrx_word' id='word_1_18' title='bbox 992 546 1172 596; x_wconf 78' lang='grc' dir='ltr'><strong><em>δόνακα,</em></strong></span> 
     </span>
     <span class='ocr_line' id='line_1_5' title="bbox 166 626 1206 686; baseline -0.005 -10"><span class='ocrx_word' id='word_1_19' title='bbox 166 632 261 683; x_wconf 77' lang='grc' dir='ltr'><strong><em>ἡδὺν</em></strong></span> <span class='ocrx_word' id='word_1_20' title='bbox 286 637 534 686; x_wconf 81' lang='grc' dir='ltr'><strong><em>συριστῆρα,</em></strong></span> <span class='ocrx_word' id='word_1_21' title='bbox 567 630 641 673; x_wconf 83' lang='grc' dir='ltr'><strong>σὺν</strong></span> <span class='ocrx_word' id='word_1_22' title='bbox 675 626 704 684; x_wconf 78' lang='grc' dir='ltr'><em>ᾧ</em></span> <span class='ocrx_word' id='word_1_23' title='bbox 737 628 1113 683; x_wconf 79' lang='grc' dir='ltr'><strong><em>πανεπόρφνιος</em></strong></span> <span class='ocrx_word' id='word_1_24' title='bbox 1145 629 1206 678; x_wconf 78' lang='grc' dir='ltr'><strong>ἠῶ</strong></span> 
     </span>
     <span class='ocr_line' id='line_1_6' title="bbox 284 708 1270 765; baseline -0.004 -9"><span class='ocrx_word' id='word_1_25' title='bbox 284 713 513 765; x_wconf 74' lang='grc' dir='ltr'><strong><em>ηὔγασεν</em></strong></span> <span class='ocrx_word' id='word_1_26' title='bbox 545 711 724 759; x_wconf 78' lang='grc' dir='ltr'><strong>αὐλείοις</strong></span> <span class='ocrx_word' id='word_1_27' title='bbox 755 712 807 754; x_wconf 87' lang='grc' dir='ltr'><strong>οὐ</strong></span> <span class='ocrx_word' id='word_1_28' title='bbox 840 709 1085 754; x_wconf 81' lang='grc' dir='ltr'><strong><em>κοτέουσα</em></strong></span> <span class='ocrx_word' id='word_1_29' title='bbox 1116 708 1270 763; x_wconf 80' lang='grc' dir='ltr'><strong><em>θύραις.</em></strong></span> 
     </span>
     <span class='ocr_line' id='line_1_7' title="bbox 46 790 1511 851; baseline -0.003 -15"><span class='ocrx_word' id='word_1_30' title='bbox 46 794 118 838; x_wconf 84' lang='lat' dir='ltr'><strong>vs.</strong></span> <span class='ocrx_word' id='word_1_31' title='bbox 153 796 172 837; x_wconf 87' lang='lat'>1</span> <span class='ocrx_word' id='word_1_32' title='bbox 223 795 467 846; x_wconf 74' lang='grc' dir='ltr'><strong><em>τανυῆλικες</em></strong></span> <span class='ocrx_word' id='word_1_33' title='bbox 520 790 886 851; x_wconf 86' lang='lat' dir='ltr'><strong>interpretandum</strong></span> <span class='ocrx_word' id='word_1_34' title='bbox 928 790 1096 833; x_wconf 83' lang='lat' dir='ltr'><strong>videtur</strong></span> <span class='ocrx_word' id='word_1_35' title='bbox 1143 806 1172 833; x_wconf 85' lang='lat'><strong>&gt;›</strong></span> <span class='ocrx_word' id='word_1_36' title='bbox 1190 804 1369 850; x_wconf 90' lang='lat' dir='ltr'><strong>corpore</strong></span> <span class='ocrx_word' id='word_1_37' title='bbox 1410 803 1511 848; x_wconf 87' lang='lat' dir='ltr'><strong>pro·</strong></span> 
     </span>
     <span class='ocr_line' id='line_1_8' title="bbox 44 869 1512 933; baseline -0.003 -16"><span class='ocrx_word' id='word_1_38' title='bbox 44 876 175 918; x_wconf 87' lang='lat' dir='ltr'><strong>cero’&#39;</strong></span> <span class='ocrx_word' id='word_1_39' title='bbox 219 890 261 921; x_wconf 66' lang='lat' dir='ltr'><strong>V.</strong></span> <span class='ocrx_word' id='word_1_40' title='bbox 311 873 494 933; x_wconf 76' lang='lat' dir='ltr'><strong>Hesych.</strong></span> <span class='ocrx_word' id='word_1_41' title='bbox 541 873 714 923; x_wconf 78' lang='grc' dir='ltr'><strong><em>ἡλικία,</em></strong></span> <span class='ocrx_word' id='word_1_42' title='bbox 757 872 932 924; x_wconf 76' lang='grc' dir='ltr'><strong><em>μέγεθος</em></strong></span> <span class='ocrx_word' id='word_1_43' title='bbox 983 871 1190 924; x_wconf 76' lang='grc' dir='ltr'><strong><em>σώματος.</em></strong></span> <span class='ocrx_word' id='word_1_44' title='bbox 1269 872 1328 917; x_wconf 88' lang='lat' dir='ltr'><strong>Ut</strong></span> <span class='ocrx_word' id='word_1_45' title='bbox 1371 869 1512 914; x_wconf 74' lang='lat' dir='ltr'><strong>verbis</strong></span> 
     </span>
     <span class='ocr_line' id='line_1_9' title="bbox 45 951 1510 1010; baseline -0.002 -11"><span class='ocrx_word' id='word_1_46' title='bbox 45 954 233 999; x_wconf 81' lang='lat' dir='ltr'><strong>Alexidis</strong></span> <span class='ocrx_word' id='word_1_47' title='bbox 271 953 444 1007; x_wconf 78' lang='grc' dir='ltr'><strong><em>Χαρίδης</em></strong></span> <span class='ocrx_word' id='word_1_48' title='bbox 483 951 670 1005; x_wconf 78' lang='grc' dir='ltr'><strong><em>ὅμικρός</em></strong></span> <span class='ocrx_word' id='word_1_49' title='bbox 711 951 890 998; x_wconf 77' lang='lat' dir='ltr'><strong>laudatis</strong></span> <span class='ocrx_word' id='word_1_50' title='bbox 930 952 1181 995; x_wconf 79' lang='lat' dir='ltr'><strong>Eustathius</strong></span> <span class='ocrx_word' id='word_1_51' title='bbox 1220 967 1265 1010; x_wconf 90' lang='lat' dir='ltr'><strong>p.</strong></span> <span class='ocrx_word' id='word_1_52' title='bbox 1300 953 1431 995; x_wconf 81' lang='lat'><strong>1554.</strong></span> <span class='ocrx_word' id='word_1_53' title='bbox 1464 952 1510 996; x_wconf 88' lang='grc'><strong>2.</strong></span> 
     </span>
     <span class='ocr_line' id='line_1_10' title="bbox 43 1029 1510 1094; baseline -0.003 -17"><span class='ocrx_word' id='word_1_54' title='bbox 43 1035 263 1094; x_wconf 83' lang='lat' dir='ltr'><strong>praemisit</strong></span> <span class='ocrx_word' id='word_1_55' title='bbox 293 1034 429 1078; x_wconf 85' lang='lat' dir='ltr'><strong>haec:</strong></span> <span class='ocrx_word' id='word_1_56' title='bbox 471 1031 707 1076; x_wconf 77' lang='grc' dir='ltr'><strong><em>πέπαικταί</em></strong></span> <span class='ocrx_word' id='word_1_57' title='bbox 730 1048 807 1076; x_wconf 86' lang='grc' dir='ltr'><strong><em>τινι</em></strong></span> <span class='ocrx_word' id='word_1_58' title='bbox 846 1032 1015 1086; x_wconf 80' lang='grc' dir='ltr'><strong><em>παλαιῷ</em></strong></span> <span class='ocrx_word' id='word_1_59' title='bbox 1047 1033 1104 1081; x_wconf 82' lang='grc' dir='ltr'><strong>εἰς</strong></span> <span class='ocrx_word' id='word_1_60' title='bbox 1131 1029 1290 1074; x_wconf 76' lang='grc' dir='ltr'><strong><em>ἄσωτον</em></strong></span> <span class='ocrx_word' id='word_1_61' title='bbox 1315 1031 1510 1086; x_wconf 71' lang='grc' dir='ltr'><strong><em>βραχυή-</em></strong></span> 
     </span>
     <span class='ocr_line' id='line_1_11' title="bbox 42 1110 1508 1165; baseline -0.003 -6"><span class='ocrx_word' id='word_1_62' title='bbox 42 1125 143 1159; x_wconf 86' lang='grc' dir='ltr'><strong><em>λικα</em></strong></span> <span class='ocrx_word' id='word_1_63' title='bbox 168 1115 255 1159; x_wconf 82' lang='grc' dir='ltr'><strong><em>κτὲ.</em></strong></span> <span class='ocrx_word' id='word_1_64' title='bbox 322 1115 378 1159; x_wconf 81' lang='lat' dir='ltr'><strong>Et</strong></span> <span class='ocrx_word' id='word_1_65' title='bbox 417 1114 477 1157; x_wconf 89' lang='lat' dir='ltr'><strong>ita</strong></span> <span class='ocrx_word' id='word_1_66' title='bbox 512 1113 724 1158; x_wconf 72' lang='lat' dir='ltr'><strong>ReiskiuS.</strong></span> <span class='ocrx_word' id='word_1_67' title='bbox 789 1114 862 1157; x_wconf 86' lang='lat' dir='ltr'><strong>Vs.</strong></span> <span class='ocrx_word' id='word_1_68' title='bbox 888 1115 914 1155; x_wconf 87' lang='lat'>2</span> <span class='ocrx_word' id='word_1_69' title='bbox 947 1112 1074 1156; x_wconf 75' lang='lat' dir='ltr'><strong>verba</strong></span> <span class='ocrx_word' id='word_1_70' title='bbox 1102 1117 1165 1155; x_wconf 90' lang='lat' dir='ltr'><strong>M.</strong></span> <span class='ocrx_word' id='word_1_71' title='bbox 1196 1110 1354 1154; x_wconf 81' lang='grc' dir='ltr'><strong><em>εὔκολοι</em></strong></span> <span class='ocrx_word' id='word_1_72' title='bbox 1381 1110 1508 1165; x_wconf 71' lang='grc' dir='ltr'><strong><em>ἔργα·</em></strong></span> 
     </span>
     <span class='ocr_line' id='line_1_12' title="bbox 44 1191 1514 1254; baseline -0.003 -14"><span class='ocrx_word' id='word_1_73' title='bbox 44 1195 153 1245; x_wconf 78' lang='grc' dir='ltr'><strong><em>τιδες</em></strong></span> <span class='ocrx_word' id='word_1_74' title='bbox 182 1196 320 1239; x_wconf 89' lang='lat' dir='ltr'><strong>minus</strong></span> <span class='ocrx_word' id='word_1_75' title='bbox 350 1203 466 1240; x_wconf 87' lang='lat' dir='ltr'><strong>recte</strong></span> <span class='ocrx_word' id='word_1_76' title='bbox 493 1194 702 1254; x_wconf 82' lang='lat' dir='ltr'>explicuit</span> <span class='ocrx_word' id='word_1_77' title='bbox 733 1193 981 1237; x_wconf 84' lang='lat' dir='ltr'><strong>Iacobsius:</strong></span> <span class='ocrx_word' id='word_1_78' title='bbox 1017 1191 1232 1250; x_wconf 84' lang='lat' dir='ltr'><strong>simplices</strong></span> <span class='ocrx_word' id='word_1_79' title='bbox 1265 1199 1308 1234; x_wconf 88' lang='lat' dir='ltr'><strong>et</strong></span> <span class='ocrx_word' id='word_1_80' title='bbox 1334 1191 1514 1236; x_wconf 88' lang='lat' dir='ltr'><strong>minime</strong></span> 
     </span>
     <span class='ocr_line' id='line_1_13' title="bbox 45 1272 1515 1333; baseline -0.003 -13"><span class='ocrx_word' id='word_1_81' title='bbox 45 1278 173 1320; x_wconf 88' lang='lat' dir='ltr'><strong>malas</strong></span> <span class='ocrx_word' id='word_1_82' title='bbox 208 1277 426 1321; x_wconf 83' lang='lat' dir='ltr'><strong>Musarum</strong></span> <span class='ocrx_word' id='word_1_83' title='bbox 464 1276 659 1320; x_wconf 82' lang='lat' dir='ltr'><strong>famulas.</strong></span> <span class='ocrx_word' id='word_1_84' title='bbox 725 1274 1032 1333; x_wconf 80' lang='lat' dir='ltr'><strong>Intelliguntur</strong></span> <span class='ocrx_word' id='word_1_85' title='bbox 1058 1272 1300 1327; x_wconf 75' lang='grc' dir='ltr'><strong><em>αὐλητρίδες</em></strong></span> <span class='ocrx_word' id='word_1_86' title='bbox 1329 1274 1515 1332; x_wconf 82' lang='lat' dir='ltr'><strong>pecunia</strong></span> 
     </span>
     <span class='ocr_line' id='line_1_14' title="bbox 44 1353 1512 1416; baseline -0.002 -16"><span class='ocrx_word' id='word_1_87' title='bbox 44 1357 270 1416; x_wconf 87' lang='lat' dir='ltr'><strong>parabiles.</strong></span> <span class='ocrx_word' id='word_1_88' title='bbox 333 1358 407 1402; x_wconf 87' lang='lat' dir='ltr'><strong>Vs.</strong></span> <span class='ocrx_word' id='word_1_89' title='bbox 431 1361 457 1401; x_wconf 88' lang='lat'><strong>3</strong></span> <span class='ocrx_word' id='word_1_90' title='bbox 489 1372 569 1416; x_wconf 91' lang='lat' dir='ltr'><strong>pro</strong></span> <span class='ocrx_word' id='word_1_91' title='bbox 604 1359 886 1410; x_wconf 81' lang='grc' dir='ltr'><strong><em>ταχυχειλεῖς</em></strong></span> <span class='ocrx_word' id='word_1_92' title='bbox 916 1353 1114 1398; x_wconf 83' lang='lat' dir='ltr'><strong>Reiskius</strong></span> <span class='ocrx_word' id='word_1_93' title='bbox 1153 1353 1335 1396; x_wconf 88' lang='lat' dir='ltr'><strong>coniecit</strong></span> <span class='ocrx_word' id='word_1_94' title='bbox 1367 1369 1512 1408; x_wconf 79' lang='grc' dir='ltr'><strong><em>παχυ-</em></strong></span> 
     </span>
     <span class='ocr_line' id='line_1_15' title="bbox 44 1435 1513 1498; baseline -0.002 -16"><span class='ocrx_word' id='word_1_95' title='bbox 44 1444 204 1493; x_wconf 80' lang='grc' dir='ltr'><strong><em>χειλεῖς</em></strong></span> <span class='ocrx_word' id='word_1_96' title='bbox 221 1472 233 1488; x_wconf 89' lang='grc'><strong><em>,</em></strong></span> <span class='ocrx_word' id='word_1_97' title='bbox 269 1439 338 1482; x_wconf 90' lang='lat' dir='ltr'><strong>cui</strong></span> <span class='ocrx_word' id='word_1_98' title='bbox 363 1439 600 1498; x_wconf 74' lang='lat' dir='ltr'><strong>praeferam</strong></span> <span class='ocrx_word' id='word_1_99' title='bbox 618 1437 734 1497; x_wconf 84' lang='lat' dir='ltr'><strong>quod</strong></span> <span class='ocrx_word' id='word_1_100' title='bbox 752 1435 947 1481; x_wconf 89' lang='lat' dir='ltr'><strong>Osannus</strong></span> <span class='ocrx_word' id='word_1_101' title='bbox 971 1435 1196 1495; x_wconf 89' lang='lat' dir='ltr'><strong>proposuit</strong></span> <span class='ocrx_word' id='word_1_102' title='bbox 1213 1435 1341 1479; x_wconf 78' lang='lat' dir='ltr'><strong>Auct.</strong></span> <span class='ocrx_word' id='word_1_103' title='bbox 1366 1435 1513 1479; x_wconf 84' lang='lat' dir='ltr'><strong>Lexic.</strong></span> 
     </span>
     <span class='ocr_line' id='line_1_16' title="bbox 44 1517 1511 1578; baseline -0.002 -18"><span class='ocrx_word' id='word_1_104' title='bbox 44 1535 89 1578; x_wconf 92' lang='lat' dir='ltr'><strong>p.</strong></span> <span class='ocrx_word' id='word_1_105' title='bbox 119 1522 221 1564; x_wconf 74' lang='lat'><strong>154.</strong></span> <span class='ocrx_word' id='word_1_106' title='bbox 251 1524 549 1572; x_wconf 81' lang='grc' dir='ltr'><strong><em>τανυχειλεῒς,</em></strong></span> <span class='ocrx_word' id='word_1_107' title='bbox 586 1518 730 1577; x_wconf 87' lang='lat' dir='ltr'><strong>quales</strong></span> <span class='ocrx_word' id='word_1_108' title='bbox 758 1517 888 1560; x_wconf 91' lang='lat' dir='ltr'><strong>tibiae</strong></span> <span class='ocrx_word' id='word_1_109' title='bbox 930 1524 1028 1559; x_wconf 90' lang='lat' dir='ltr'><strong>sunt</strong></span> <span class='ocrx_word' id='word_1_110' title='bbox 1068 1524 1140 1559; x_wconf 86' lang='lat' dir='ltr'><strong>aut</strong></span> <span class='ocrx_word' id='word_1_111' title='bbox 1182 1530 1272 1557; x_wconf 89' lang='lat' dir='ltr'><strong>esse</strong></span> <span class='ocrx_word' id='word_1_112' title='bbox 1302 1523 1479 1573; x_wconf 84' lang='lat' dir='ltr'><strong>possunt</strong></span> <span class='ocrx_word' id='word_1_113' title='bbox 1499 1549 1511 1566; x_wconf 94' lang='lat'>‚</span> 
     </span>
     <span class='ocr_line' id='line_1_17' title="bbox 45 1595 1512 1659; baseline -0.003 -16"><span class='ocrx_word' id='word_1_114' title='bbox 45 1610 94 1643; x_wconf 90' lang='lat' dir='ltr'><strong>ut</strong></span> <span class='ocrx_word' id='word_1_115' title='bbox 123 1615 234 1644; x_wconf 80' lang='lat' dir='ltr'><strong>aves,</strong></span> <span class='ocrx_word' id='word_1_116' title='bbox 299 1600 485 1659; x_wconf 79' lang='lat' dir='ltr'><strong>Utrique</strong></span> <span class='ocrx_word' id='word_1_117' title='bbox 517 1608 656 1643; x_wconf 89' lang='lat' dir='ltr'><strong>tamen</strong></span> <span class='ocrx_word' id='word_1_118' title='bbox 686 1607 901 1658; x_wconf 83' lang='lat' dir='ltr'><strong>praestare</strong></span> <span class='ocrx_word' id='word_1_119' title='bbox 929 1604 1108 1656; x_wconf 86' lang='lat' dir='ltr'><strong>putem:</strong></span> <span class='ocrx_word' id='word_1_120' title='bbox 1140 1595 1409 1650; x_wconf 80' lang='grc' dir='ltr'><strong><em>ταχύχειρας</em></strong></span> <span class='ocrx_word' id='word_1_121' title='bbox 1436 1597 1512 1639; x_wconf 89' lang='grc' dir='ltr'><strong>αὐ-</strong></span> 
     </span>
     <span class='ocr_line' id='line_1_18' title="bbox 46 1675 1512 1732; baseline -0.002 -8"><span class='ocrx_word' id='word_1_122' title='bbox 46 1679 157 1730; x_wconf 88' lang='grc' dir='ltr'><strong><em>λούς.</em></strong></span> <span class='ocrx_word' id='word_1_123' title='bbox 224 1679 426 1724; x_wconf 84' lang='lat' dir='ltr'><strong>conferas</strong></span> <span class='ocrx_word' id='word_1_124' title='bbox 465 1679 685 1724; x_wconf 81' lang='lat' dir='ltr'><strong>Pollucem</strong></span> <span class='ocrx_word' id='word_1_125' title='bbox 709 1679 799 1732; x_wconf 87' lang='lat' dir='ltr'><strong>IV,</strong></span> <span class='ocrx_word' id='word_1_126' title='bbox 834 1681 907 1723; x_wconf 87' lang='lat'><strong>72.</strong></span> <span class='ocrx_word' id='word_1_127' title='bbox 939 1675 1143 1728; x_wconf 71' lang='grc' dir='ltr'><strong><em>ἀπόδεξαι</em></strong></span> <span class='ocrx_word' id='word_1_128' title='bbox 1181 1676 1251 1720; x_wconf 79' lang='grc' dir='ltr'><strong>καὶ</strong></span> <span class='ocrx_word' id='word_1_129' title='bbox 1279 1677 1354 1728; x_wconf 72' lang='grc' dir='ltr'><strong>τὴν</strong></span> <span class='ocrx_word' id='word_1_130' title='bbox 1380 1678 1512 1726; x_wconf 85' lang='grc' dir='ltr'><strong><em>αὐλη·</em></strong></span> 
     </span>
     <span class='ocr_line' id='line_1_19' title="bbox 44 1757 1513 1816; baseline -0.003 -11"><span class='ocrx_word' id='word_1_131' title='bbox 44 1764 117 1805; x_wconf 80' lang='grc' dir='ltr'><strong>τοῦ</strong></span> <span class='ocrx_word' id='word_1_132' title='bbox 140 1762 420 1816; x_wconf 76' lang='grc' dir='ltr'><strong><em>ταχυχειρίαν</em></strong></span> <span class='ocrx_word' id='word_1_133' title='bbox 445 1761 515 1805; x_wconf 79' lang='grc' dir='ltr'><strong>καὶ</strong></span> <span class='ocrx_word' id='word_1_134' title='bbox 541 1760 770 1816; x_wconf 79' lang='grc' dir='ltr'><strong><em>εὐχέρειαν.</em></strong></span> <span class='ocrx_word' id='word_1_135' title='bbox 835 1761 902 1804; x_wconf 88' lang='lat' dir='ltr'><strong>Ita</strong></span> <span class='ocrx_word' id='word_1_136' title='bbox 935 1758 1122 1805; x_wconf 87' lang='lat' dir='ltr'><strong>Telestes</strong></span> <span class='ocrx_word' id='word_1_137' title='bbox 1152 1757 1364 1802; x_wconf 83' lang='lat' dir='ltr'><strong>Athenaei</strong></span> <span class='ocrx_word' id='word_1_138' title='bbox 1386 1757 1491 1802; x_wconf 85' lang='lat' dir='ltr'><strong>XIV</strong></span> <span class='ocrx_word' id='word_1_139' title='bbox 1501 1760 1513 1810; x_wconf 76' lang='lat'><strong>&#39;,</strong></span> 
     </span>
     <span class='ocr_line' id='line_1_20' title="bbox 46 1838 1512 1893; baseline -0.003 -7"><span class='ocrx_word' id='word_1_140' title='bbox 46 1844 133 1886; x_wconf 82' lang='lat'><strong>617</strong></span> <span class='ocrx_word' id='word_1_141' title='bbox 167 1842 218 1887; x_wconf 90' lang='grc' dir='ltr'><strong>Β.</strong></span> <span class='ocrx_word' id='word_1_142' title='bbox 254 1843 459 1885; x_wconf 89' lang='lat' dir='ltr'><strong>tibiarum</strong></span> <span class='ocrx_word' id='word_1_143' title='bbox 496 1841 643 1885; x_wconf 88' lang='lat' dir='ltr'><strong>laudat</strong></span> <span class='ocrx_word' id='word_1_144' title='bbox 682 1843 851 1893; x_wconf 76' lang='grc' dir='ltr'><strong><em>πνεῦμα</em></strong></span> <span class='ocrx_word' id='word_1_145' title='bbox 887 1841 1065 1892; x_wconf 69' lang='grc' dir='ltr'><strong><em>ἀγλαᾶν</em></strong></span> <span class='ocrx_word' id='word_1_146' title='bbox 1093 1839 1167 1883; x_wconf 89' lang='grc' dir='ltr'><strong>σὺν</strong></span> <span class='ocrx_word' id='word_1_147' title='bbox 1204 1838 1387 1882; x_wconf 86' lang='grc' dir='ltr'><strong><em>ὠκύτατι</em></strong></span> <span class='ocrx_word' id='word_1_148' title='bbox 1420 1854 1512 1893; x_wconf 84' lang='grc' dir='ltr'><strong><em>χει-</em></strong></span> 
     </span>
     <span class='ocr_line' id='line_1_21' title="bbox 45 1920 1514 1979; baseline -0.003 -12"><span class='ocrx_word' id='word_1_149' title='bbox 45 1927 131 1978; x_wconf 80' lang='grc' dir='ltr'><strong><em>ρῶν.</em></strong></span> <span class='ocrx_word' id='word_1_150' title='bbox 198 1924 271 1969; x_wconf 86' lang='lat' dir='ltr'><strong>Vs.</strong></span> <span class='ocrx_word' id='word_1_151' title='bbox 295 1926 321 1966; x_wconf 91' lang='lat'>6</span> <span class='ocrx_word' id='word_1_152' title='bbox 353 1938 402 1966; x_wconf 76' lang='lat' dir='ltr'><strong>ex</strong></span> <span class='ocrx_word' id='word_1_153' title='bbox 430 1923 633 1967; x_wconf 85' lang='lat' dir='ltr'><strong>Meinekii</strong></span> <span class='ocrx_word' id='word_1_154' title='bbox 663 1920 962 1964; x_wconf 85' lang='lat' dir='ltr'><strong>emendatione</strong></span> <span class='ocrx_word' id='word_1_155' title='bbox 990 1920 1174 1979; x_wconf 80' lang='lat' dir='ltr'><strong>eleganti</strong></span> <span class='ocrx_word' id='word_1_156' title='bbox 1199 1929 1242 1964; x_wconf 88' lang='lat' dir='ltr'><strong>et</strong></span> <span class='ocrx_word' id='word_1_157' title='bbox 1282 1934 1376 1964; x_wconf 81' lang='lat' dir='ltr'><strong>vera</strong></span> <span class='ocrx_word' id='word_1_158' title='bbox 1410 1921 1514 1963; x_wconf 91' lang='lat' dir='ltr'><strong>scri-</strong></span> 
     </span>
     <span class='ocr_line' id='line_1_22' title="bbox 45 2001 1513 2063; baseline -0.002 -16"><span class='ocrx_word' id='word_1_159' title='bbox 45 2005 110 2063; x_wconf 86' lang='lat' dir='ltr'><strong>psi</strong></span> <span class='ocrx_word' id='word_1_160' title='bbox 142 2002 383 2058; x_wconf 74' lang='grc' dir='ltr'><strong><em>ζευξαμένη.</em></strong></span> <span class='ocrx_word' id='word_1_161' title='bbox 450 2002 590 2047; x_wconf 85' lang='lat' dir='ltr'><strong>Codex</strong></span> <span class='ocrx_word' id='word_1_162' title='bbox 633 2001 882 2054; x_wconf 77' lang='grc' dir='ltr'><strong><em>τευξαμένη.</em></strong></span> <span class='ocrx_word' id='word_1_163' title='bbox 951 2001 1113 2046; x_wconf 86' lang='lat' dir='ltr'><strong>Ultima</strong></span> <span class='ocrx_word' id='word_1_164' title='bbox 1152 2002 1260 2046; x_wconf 88' lang='lat' dir='ltr'><strong>mire</strong></span> <span class='ocrx_word' id='word_1_165' title='bbox 1307 2009 1513 2060; x_wconf 90' lang='lat' dir='ltr'><strong>corrupta</strong></span> 
     </span>
     <span class='ocr_line' id='line_1_23' title="bbox 47 2083 1509 2143; baseline -0.001 -16"><span class='ocrx_word' id='word_1_166' title='bbox 47 2093 143 2128; x_wconf 90' lang='lat' dir='ltr'><strong>sunt</strong></span> <span class='ocrx_word' id='word_1_167' title='bbox 163 2117 174 2136; x_wconf 95' lang='lat'><strong><em>‚</em></strong></span> <span class='ocrx_word' id='word_1_168' title='bbox 208 2100 316 2143; x_wconf 89' lang='lat' dir='ltr'><strong>quae</strong></span> <span class='ocrx_word' id='word_1_169' title='bbox 341 2083 541 2143; x_wconf 88' lang='lat' dir='ltr'><strong>equidem</strong></span> <span class='ocrx_word' id='word_1_170' title='bbox 573 2085 632 2127; x_wconf 89' lang='lat' dir='ltr'><strong>ita</strong></span> <span class='ocrx_word' id='word_1_171' title='bbox 655 2085 700 2127; x_wconf 89' lang='lat' dir='ltr'><strong>in</strong></span> <span class='ocrx_word' id='word_1_172' title='bbox 728 2085 943 2143; x_wconf 83' lang='lat' dir='ltr'><strong>integrum</strong></span> <span class='ocrx_word' id='word_1_173' title='bbox 984 2083 1248 2127; x_wconf 89' lang='lat' dir='ltr'><strong>restituenda</strong></span> <span class='ocrx_word' id='word_1_174' title='bbox 1289 2084 1509 2127; x_wconf 82' lang='lat' dir='ltr'><strong>existimo:</strong></span> 
     </span>
     <span class='ocr_line' id='line_1_24' title="bbox 166 2162 1133 2219; baseline 0 -11"><span class='ocrx_word' id='word_1_175' title='bbox 166 2165 260 2214; x_wconf 76' lang='grc' dir='ltr'><strong>ἡδὺν</strong></span> <span class='ocrx_word' id='word_1_176' title='bbox 292 2170 513 2219; x_wconf 77' lang='grc' dir='ltr'><strong><em>συριστῆρα</em></strong></span> <span class='ocrx_word' id='word_1_177' title='bbox 545 2166 618 2208; x_wconf 85' lang='grc' dir='ltr'><strong>σὺν</strong></span> <span class='ocrx_word' id='word_1_178' title='bbox 646 2162 675 2218; x_wconf 84' lang='grc' dir='ltr'><em>ᾧ</em></span> <span class='ocrx_word' id='word_1_179' title='bbox 702 2163 976 2219; x_wconf 80' lang='grc' dir='ltr'><strong><em>πανεπόρφνι’</em></strong></span> <span class='ocrx_word' id='word_1_180' title='bbox 1008 2165 1051 2213; x_wconf 82' lang='grc' dir='ltr'><strong>ἐς</strong></span> <span class='ocrx_word' id='word_1_181' title='bbox 1079 2167 1133 2215; x_wconf 75' lang='grc' dir='ltr'><strong>ἠῶ</strong></span> 
     </span>
     <span class='ocr_line' id='line_1_25' title="bbox 287 2243 1114 2299; baseline 0 -11"><span class='ocrx_word' id='word_1_182' title='bbox 287 2244 434 2293; x_wconf 85' lang='grc' dir='ltr'><strong><em>ηὔλησ’</em></strong></span> <span class='ocrx_word' id='word_1_183' title='bbox 461 2244 639 2292; x_wconf 84' lang='grc' dir='ltr'><strong><em>αὐλείοις</em></strong></span> <span class='ocrx_word' id='word_1_184' title='bbox 671 2243 928 2298; x_wconf 71' lang='grc' dir='ltr'><strong><em>ἐγκροτέουσι</em></strong></span> <span class='ocrx_word' id='word_1_185' title='bbox 961 2243 1114 2299; x_wconf 84' lang='grc' dir='ltr'><strong><em>θύραις.</em></strong></span> 
     </span>
     <span class='ocr_line' id='line_1_26' title="bbox 49 2323 1512 2383; baseline -0.001 -14"><span class='ocrx_word' id='word_1_186' title='bbox 49 2326 111 2369; x_wconf 79' lang='lat' dir='ltr'><strong>Ex</strong></span> <span class='ocrx_word' id='word_1_187' title='bbox 140 2323 296 2383; x_wconf 86' lang='lat' dir='ltr'><strong>quibus</strong></span> <span class='ocrx_word' id='word_1_188' title='bbox 322 2333 436 2367; x_wconf 88' lang='lat' dir='ltr'><strong>certa</strong></span> <span class='ocrx_word' id='word_1_189' title='bbox 469 2324 638 2368; x_wconf 81' lang='lat' dir='ltr'><strong>habeo:</strong></span> <span class='ocrx_word' id='word_1_190' title='bbox 675 2323 947 2379; x_wconf 76' lang='grc' dir='ltr'><strong><em>πανεπέρφνι’</em></strong></span> <span class='ocrx_word' id='word_1_191' title='bbox 980 2325 1021 2374; x_wconf 86' lang='grc' dir='ltr'><strong>ἐς</strong></span> <span class='ocrx_word' id='word_1_192' title='bbox 1049 2326 1128 2375; x_wconf 78' lang='grc' dir='ltr'><strong>ἠῶ,</strong></span> <span class='ocrx_word' id='word_1_193' title='bbox 1164 2334 1206 2368; x_wconf 90' lang='lat' dir='ltr'><strong>et</strong></span> <span class='ocrx_word' id='word_1_194' title='bbox 1231 2326 1410 2374; x_wconf 86' lang='grc' dir='ltr'><strong><em>αὐλείοις</em></strong></span> <span class='ocrx_word' id='word_1_195' title='bbox 1438 2326 1512 2376; x_wconf 74' lang='grc' dir='ltr'><strong>ἐγ-</strong></span> 
     </span>
     <span class='ocr_line' id='line_1_27' title="bbox 50 2404 1513 2464; baseline 0.001 -17"><span class='ocrx_word' id='word_1_196' title='bbox 50 2404 250 2459; x_wconf 86' lang='grc' dir='ltr'><strong><em>κροτέουσι</em></strong></span> <span class='ocrx_word' id='word_1_197' title='bbox 268 2404 416 2458; x_wconf 78' lang='grc' dir='ltr'><strong><em>θύραις,</em></strong></span> <span class='ocrx_word' id='word_1_198' title='bbox 455 2405 523 2448; x_wconf 75' lang='lat' dir='ltr'><strong>Ab</strong></span> <span class='ocrx_word' id='word_1_199' title='bbox 549 2405 632 2448; x_wconf 93' lang='lat' dir='ltr'><strong>hoc</strong></span> <span class='ocrx_word' id='word_1_200' title='bbox 656 2420 741 2448; x_wconf 92' lang='lat' dir='ltr'><strong>non</strong></span> <span class='ocrx_word' id='word_1_201' title='bbox 768 2405 957 2448; x_wconf 91' lang='lat' dir='ltr'><strong>multum</strong></span> <span class='ocrx_word' id='word_1_202' title='bbox 983 2404 1224 2464; x_wconf 88' lang='lat' dir='ltr'><strong>discrepat,</strong></span> <span class='ocrx_word' id='word_1_203' title='bbox 1259 2405 1375 2464; x_wconf 84' lang='lat' dir='ltr'><strong>quod</strong></span> <span class='ocrx_word' id='word_1_204' title='bbox 1403 2405 1513 2449; x_wconf 88' lang='lat' dir='ltr'><strong>Dor-</strong></span> 
     </span>
     <span class='ocr_line' id='line_1_28' title="bbox 50 2476 1513 2544; baseline 0 -15"><span class='ocrx_word' id='word_1_205' title='bbox 50 2486 191 2529; x_wconf 80' lang='lat' dir='ltr'><strong>villius</strong></span> <span class='ocrx_word' id='word_1_206' title='bbox 217 2476 434 2536; x_wconf 81' lang='lat' dir='ltr'><strong>coniecit,</strong></span> <span class='ocrx_word' id='word_1_207' title='bbox 469 2501 597 2544; x_wconf 87' lang='lat' dir='ltr'><strong>quem</strong></span> <span class='ocrx_word' id='word_1_208' title='bbox 636 2486 875 2529; x_wconf 85' lang='lat' dir='ltr'><strong>Brunckius</strong></span> <span class='ocrx_word' id='word_1_209' title='bbox 911 2495 1080 2530; x_wconf 86' lang='lat' dir='ltr'><strong>secutus</strong></span> <span class='ocrx_word' id='word_1_210' title='bbox 1110 2495 1199 2531; x_wconf 82' lang='lat' dir='ltr'><strong>est:</strong></span> <span class='ocrx_word' id='word_1_211' title='bbox 1235 2487 1414 2535; x_wconf 86' lang='grc' dir='ltr'><strong><em>αὐλείοις</em></strong></span> <span class='ocrx_word' id='word_1_212' title='bbox 1440 2487 1513 2539; x_wconf 75' lang='grc' dir='ltr'><strong>ἐγ-</strong></span> 
     </span>
     <span class='ocr_line' id='line_1_29' title="bbox 50 2566 1515 2626; baseline 0 -16"><span class='ocrx_word' id='word_1_213' title='bbox 50 2567 268 2621; x_wconf 85' lang='grc' dir='ltr'><strong><em>κροτέουσα</em></strong></span> <span class='ocrx_word' id='word_1_214' title='bbox 294 2567 444 2621; x_wconf 89' lang='grc' dir='ltr'><strong><em>θύραις.</em></strong></span> <span class='ocrx_word' id='word_1_215' title='bbox 508 2566 592 2610; x_wconf 88' lang='lat' dir='ltr'><strong>Sed</strong></span> <span class='ocrx_word' id='word_1_216' title='bbox 631 2566 782 2624; x_wconf 77' lang='lat' dir='ltr'><strong>Satyra</strong></span> <span class='ocrx_word' id='word_1_217' title='bbox 814 2566 991 2610; x_wconf 89' lang='lat' dir='ltr'><strong>tibicina</strong></span> <span class='ocrx_word' id='word_1_218' title='bbox 1022 2568 1114 2626; x_wconf 91' lang='lat' dir='ltr'><strong>ipsa</strong></span> <span class='ocrx_word' id='word_1_219' title='bbox 1154 2566 1266 2611; x_wconf 86' lang='lat' dir='ltr'><strong>fores</strong></span> <span class='ocrx_word' id='word_1_220' title='bbox 1304 2583 1389 2611; x_wconf 89' lang='lat' dir='ltr'><strong>non</strong></span> <span class='ocrx_word' id='word_1_221' title='bbox 1417 2567 1515 2626; x_wconf 89' lang='lat' dir='ltr'><strong>pul-</strong></span> 
     </span>
     <span class='ocr_line' id='line_1_30' title="bbox 51 2647 1515 2702; baseline 0.001 -12"><span class='ocrx_word' id='word_1_222' title='bbox 51 2648 198 2696; x_wconf 87' lang='lat' dir='ltr'><strong>sabat,</strong></span> <span class='ocrx_word' id='word_1_223' title='bbox 234 2647 305 2690; x_wconf 85' lang='lat' dir='ltr'><strong>sed</strong></span> <span class='ocrx_word' id='word_1_224' title='bbox 345 2647 670 2690; x_wconf 87' lang='lat' dir='ltr'><strong>comissantibus</strong></span> <span class='ocrx_word' id='word_1_225' title='bbox 707 2647 930 2691; x_wconf 82' lang='lat' dir='ltr'><strong>iuvenibus</strong></span> <span class='ocrx_word' id='word_1_226' title='bbox 967 2648 1143 2692; x_wconf 88' lang='lat' dir='ltr'><strong>canebat</strong></span> <span class='ocrx_word' id='word_1_227' title='bbox 1179 2649 1226 2692; x_wconf 86' lang='grc' dir='ltr'><strong>τὸ</strong></span> <span class='ocrx_word' id='word_1_228' title='bbox 1259 2648 1515 2702; x_wconf 79' lang='grc' dir='ltr'><strong><em>θυροκοπικὸν</em></strong></span> 
     </span>
     <span class='ocr_line' id='line_1_31' title="bbox 52 2727 1515 2792; baseline 0.001 -21"><span class='ocrx_word' id='word_1_229' title='bbox 52 2727 174 2778; x_wconf 82' lang='grc' dir='ltr'><strong><em>μέλος</em></strong></span> <span class='ocrx_word' id='word_1_230' title='bbox 193 2761 205 2778; x_wconf 90' lang='grc'><strong><em>,</em></strong></span> <span class='ocrx_word' id='word_1_231' title='bbox 256 2744 383 2787; x_wconf 88' lang='lat' dir='ltr'><strong>quem</strong></span> <span class='ocrx_word' id='word_1_232' title='bbox 438 2728 636 2771; x_wconf 89' lang='lat' dir='ltr'><strong>tibiarum</strong></span> <span class='ocrx_word' id='word_1_233' title='bbox 691 2738 862 2771; x_wconf 90' lang='lat' dir='ltr'><strong>cantum</strong></span> <span class='ocrx_word' id='word_1_234' title='bbox 918 2738 1123 2792; x_wconf 86' lang='lat' dir='ltr'><strong>memorat</strong></span> <span class='ocrx_word' id='word_1_235' title='bbox 1173 2729 1351 2788; x_wconf 78' lang='lat' dir='ltr'><strong>Trypho</strong></span> <span class='ocrx_word' id='word_1_236' title='bbox 1401 2728 1515 2788; x_wconf 87' lang='lat' dir='ltr'><strong>apud</strong></span> 
     </span>
    </p>
   </div>
   <div class='ocr_carea' id='block_1_3' title="bbox 55 2808 1514 2948">
    <p class='ocr_par' dir='ltr' id='par_1_3' title="bbox 55 2808 1514 2948">
     <span class='ocr_line' id='line_1_32' title="bbox 55 2808 1514 2869; baseline 0.001 -17"><span class='ocrx_word' id='word_1_237' title='bbox 55 2808 208 2852; x_wconf 78' lang='lat' dir='ltr'><strong>Athen.</strong></span> <span class='ocrx_word' id='word_1_238' title='bbox 235 2810 364 2860; x_wconf 80' lang='lat' dir='ltr'><strong>xlv,</strong></span> <span class='ocrx_word' id='word_1_239' title='bbox 400 2826 443 2868; x_wconf 92' lang='lat' dir='ltr'><strong>p.</strong></span> <span class='ocrx_word' id='word_1_240' title='bbox 469 2811 556 2853; x_wconf 88' lang='lat'><strong>618</strong></span> <span class='ocrx_word' id='word_1_241' title='bbox 592 2809 642 2854; x_wconf 86' lang='lat' dir='ltr'><strong>C.</strong></span> <span class='ocrx_word' id='word_1_242' title='bbox 680 2825 718 2854; x_wconf 89' lang='lat' dir='ltr'><strong>v.</strong></span> <span class='ocrx_word' id='word_1_243' title='bbox 757 2809 943 2853; x_wconf 85' lang='lat' dir='ltr'><strong>Meinek.</strong></span> <span class='ocrx_word' id='word_1_244' title='bbox 980 2810 1145 2855; x_wconf 83' lang='lat' dir='ltr'><strong>Delect.</strong></span> <span class='ocrx_word' id='word_1_245' title='bbox 1193 2827 1239 2869; x_wconf 89' lang='lat' dir='ltr'><strong>p.</strong></span> <span class='ocrx_word' id='word_1_246' title='bbox 1266 2814 1364 2855; x_wconf 85' lang='lat'><strong>111.</strong></span> <span class='ocrx_word' id='word_1_247' title='bbox 1432 2811 1514 2868; x_wconf 78' lang='lat' dir='ltr'><strong>Qui</strong></span> 
     </span>
     <span class='ocr_line' id='line_1_33' title="bbox 57 2889 1513 2948; baseline 0.003 -17"><span class='ocrx_word' id='word_1_248' title='bbox 57 2889 190 2932; x_wconf 88' lang='lat' dir='ltr'><strong>multo</strong></span> <span class='ocrx_word' id='word_1_249' title='bbox 220 2892 358 2948; x_wconf 86' lang='lat' dir='ltr'><strong>aptius</strong></span> <span class='ocrx_word' id='word_1_250' title='bbox 389 2891 473 2933; x_wconf 89' lang='lat' dir='ltr'><strong>dici</strong></span> <span class='ocrx_word' id='word_1_251' title='bbox 502 2899 623 2948; x_wconf 85' lang='lat' dir='ltr'><strong>putat</strong></span> <span class='ocrx_word' id='word_1_252' title='bbox 661 2891 852 2947; x_wconf 85' lang='lat' dir='ltr'><strong>Satyram</strong></span> <span class='ocrx_word' id='word_1_253' title='bbox 897 2890 1236 2936; x_wconf 85' lang='lat' dir='ltr'><strong>adolescentibus</strong></span> <span class='ocrx_word' id='word_1_254' title='bbox 1280 2894 1334 2935; x_wconf 88' lang='lat' dir='ltr'><strong>ita</strong></span> <span class='ocrx_word' id='word_1_255' title='bbox 1365 2893 1513 2936; x_wconf 81' lang='lat' dir='ltr'><strong>favisse</strong></span> 
     </span>
    </p>
   </div>
  </div>
 </body>
</html>
