1794 3412
626 270 894 311 -159—

42 395 164 439 nidac
194 395 305 440 enim
343 396 603 455 epigramma
643 393 871 438 simulacro
904 394 1025 438 Panis
1059 392 1346 451 subscriptum
1382 389 1502 435 Lati·

40 473 92 521 ne
122 476 332 520 convertit
367 475 616 534 Propertius
644 474 739 526 111,
778 477 848 520 ll.
884 477 956 519 41.
991 472 1213 534 complura
1240 471 1324 515 alia
1357 471 1501 514 imita-

39 558 155 602 tione
174 572 366 617 expressa
392 555 673 600 reddiderunt
696 556 769 598 alii
787 556 1141 615 epigrammatum
1171 561 1350 614 poetae,
1385 550 1501 612 quod

38 639 81 682 in
114 638 195 682 hoc
226 654 311 682 uno
348 646 475 697 poeta
509 637 754 696 saepissime
787 637 948 680 factum
983 636 1139 682 videas.
1203 635 1267 679 Do
1301 632 1502 679 Callima-

37 718 121 763 cho
172 719 285 763 idem
337 726 502 762 constat
545 733 593 761 ex
641 716 782 761 verbis
829 717 957 760 Plinii
997 715 1133 776 Epist.
1163 715 1242 759 lv.
1278 718 1323 759 3.
1389 714 1503 758 »Ita

36 809 152 845 certe
189 815 284 844 sum
315 800 503 844 refectus
546 799 667 858 ipse,
710 812 808 842 cum
845 798 1007 842 Graeca
1053 798 1360 857 epigrammata
1398 803 1500 848 tua,

37 896 135 926 cum
165 881 328 925 iambos
351 881 414 924 ibi
437 881 631 940 proxime
662 878 873 938 legerem:
910 886 1119 938 quantum
1160 878 1225 920 ibi
1256 876 1505 920 humanita-

37 964 116 1014 tis,
163 962 422 1006 venustatis!
456 975 584 1020 quam
617 958 763 1003 dulcia
806 957 912 1008 illa,
953 973 1084 1018 quam
1119 958 1329 1017 antiqua,
1373 972 1501 1016 quam

34 1050 212 1102 arguta,
243 1052 372 1102 quam
411 1043 554 1086 recta!
591 1038 903 1085 Callimachum
935 1055 1004 1084 me
1033 1039 1101 1083 vel
1131 1038 1349 1084 Herodam
1378 1035 1446 1082 vel
1466 1038 1501 1081 si

34 1122 136 1183 quid
165 1121 231 1166 his
257 1121 411 1166 melius
431 1154 444 1176 ,
477 1130 624 1166 tenere
655 1120 937 1165 credebam.''
971 1119 1182 1166 Martialis
1207 1118 1298 1171 lv,
1333 1119 1408 1165 23.

214 1202 327 1246 Dum
360 1210 408 1245 tu
439 1200 555 1245 lenta
587 1202 716 1246 nimis
748 1200 910 1261 diuque
943 1202 1112 1261 quaeris

213 1285 290 1343 qui
319 1284 484 1343 primus
515 1283 598 1326 tibi
631 1283 782 1342 quisve
812 1283 868 1326 sit
898 1281 1110 1326 secundus

211 1364 390 1408 Graium
418 1367 568 1423 quisve
599 1364 872 1423 Epigramma
902 1363 1171 1424 comparabit

212 1444 397 1504 palmam
429 1443 718 1490 Callimachus
749 1444 899 1489 Thalia
930 1445 984 1489 dc
1015 1460 1059 1489 so

214 1524 400 1569 facundo
431 1525 551 1570 dedit
582 1526 674 1584 ipse
703 1526 931 1570 Brutiano.

217 1605 300 1662 Qui
330 1606 365 1650 si
397 1604 608 1665 Cecropio
638 1614 754 1649 satur
786 1606 933 1666 lepore

215 1686 430 1730 Romanae
460 1687 546 1730 sale
577 1686 726 1730 luserit
758 1686 974 1730 Minervae

214 1765 280 1809 illi
311 1781 381 1811 mo
413 1766 542 1810 facias
574 1781 728 1827 precor
760 1766 1012 1811 secundum.

34 1846 89 1890 Et
112 1861 210 1891 sanc
242 1847 278 1891 si
308 1856 485 1907 propter
512 1863 718 1892 summam
752 1849 796 1892 in
827 1845 1085 1892 celebrando
1112 1846 1302 1890 facinore
1334 1848 1500 1906 magni·

34 1926 117 1970 fico
147 1927 469 1987 simplicitatem
515 1944 682 1972 summo
711 1930 804 1972 iuro
833 1928 1093 1971 admiramur
1118 1928 1382 1987 epigramma
1415 1943 1498 1987 pu-

36 2007 194 2051 blicum
225 2007 456 2053 Simonidis
483 2010 526 2052 in
553 2008 784 2069 Spartanos
816 2010 859 2054 in
879 2008 1178 2068 Thermopylis
1208 2009 1367 2054 occisos
1394 2024 1499 2053 con-

34 2090 239 2148 scriptum
260 2088 369 2134 hoc:

154 2167 182 2211 ὦ
213 2167 310 2219 ξεῖν’
341 2169 576 2222 ἀγγέλλειν
606 2171 948 2223 Λακεδαιμονίοις
979 2169 1040 2214 ὅτι
1072 2170 1176 2227 ’τᾷδε

276 2250 448 2303 κείμεθα
477 2255 564 2299 τοῖς
596 2251 733 2294 κείνων
764 2251 917 2306 ῥήμασι
950 2251 1209 2305 πειθόμενοι,

36 2329 137 2373 huic
177 2344 423 2390 comparare
463 2331 597 2375 ausim
632 2332 676 2374 in
707 2331 876 2376 diverso
906 2346 1060 2393 genere
1091 2332 1350 2378 Callimachi
1376 2332 1496 2375 disti-

36 2409 147 2454 chon
170 2429 180 2456 ε

154 2490 351 2542 δωδεκέτη
380 2492 452 2536 τὸν
482 2492 620 2536 παῖδα
649 2494 789 2547 πατὴρ
819 2493 1000 2543 (ἐπέθηκε
1033 2493 1242 2543 Φίλιππος

275 2571 413 2616 ἐνθάδε
445 2574 519 2623 τὴν
551 2574 712 2623 πολλὴν
744 2574 897 2618 ἐλπίδα
926 2574 1155 2624 Nanos-{mv

40 2651 91 2698 Δ.
121 2652 169 2698 Ρ.
201 2653 314 2705 VII,
351 2656 452 2699 453.
486 2662 528 2698 et
562 2669 601 2699 c.
633 2657 736 2699 451.

153 2734 254 2790 τᾷδε
287 2733 407 2778 Σάων
438 2735 457 2778 ὅ
490 2735 666 2784 Δίκωνος
699 2735 909 2786 Ἀκάνθιος
938 2736 1041 2792 ἱερὸν
1071 2736 1196 2782 ὕπνον

275 2817 499 2868 κοιμᾶται·
531 2815 718 2860 eudo-new
748 2818 808 2869 μὴ
839 2817 943 2870 λέγε
973 2818 1068 2867 τοὺς
1099 2817 1298 2871 ἀγαθούς.

42 2891 105 2936 Ita
150 2898 437 2942 suavissimum
492 2907 553 2942 est
595 2900 854 2958 epigramma
911 2901 950 2942 in
997 2900 1260 2944 Heraclitum
1312 2898 1497 2943 amicum
