<?xml version="1.0" encoding="UTF-8"?>
<!DOCTYPE html PUBLIC "-//W3C//DTD XHTML 1.0 Transitional//EN"
    "http://www.w3.org/TR/xhtml1/DTD/xhtml1-transitional.dtd">
<html xmlns="http://www.w3.org/1999/xhtml" xml:lang="en" lang="en">
 <head>
  <title>
</title>
<meta http-equiv="Content-Type" content="text/html;charset=utf-8" />
  <meta name='ocr-system' content='tesseract 3.04.00' />
  <meta name='ocr-capabilities' content='ocr_page ocr_carea ocr_par ocr_line ocrx_word'/>
</head>
<body>
  <div class='ocr_page' id='page_1' title='image "./commentationiscr00heckuoft_0084.png"; bbox 0 0 1794 3412; ppageno 0'>
   <div class='ocr_carea' id='block_1_1' title="bbox 917 271 1149 309">
    <p class='ocr_par' dir='ltr' id='par_1_1' title="bbox 917 271 1149 309">
     <span class='ocr_line' id='line_1_1' title="bbox 917 271 1149 309; baseline 0 -10"><span class='ocrx_word' id='word_1_1' title='bbox 917 271 1149 309; x_wconf 65' lang='lat'><strong>..70-</strong></span> 
     </span>
    </p>
   </div>
   <div class='ocr_carea' id='block_1_2' title="bbox 327 390 1794 2891">
    <p class='ocr_par' dir='ltr' id='par_1_2' title="bbox 572 390 1740 450">
     <span class='ocr_line' id='line_1_2' title="bbox 572 390 1740 450; baseline 0.003 -18"><span class='ocrx_word' id='word_1_2' title='bbox 572 391 677 437; x_wconf 80' lang='grc' dir='ltr'><strong><em>οὔτις</em></strong></span> <span class='ocrx_word' id='word_1_3' title='bbox 709 391 744 432; x_wconf 87' lang='grc' dir='ltr'><strong>οἱ</strong></span> <span class='ocrx_word' id='word_1_4' title='bbox 773 390 917 443; x_wconf 75' lang='grc' dir='ltr'><strong><em>ἀνδρῶν</em></strong></span> <span class='ocrx_word' id='word_1_5' title='bbox 948 392 1076 444; x_wconf 73' lang='grc' dir='ltr'><strong><em>ἤρισεν</em></strong></span> <span class='ocrx_word' id='word_1_6' title='bbox 1106 390 1267 442; x_wconf 71' lang='grc' dir='ltr'><strong><em>οὐδαμοὶ</em></strong></span> <span class='ocrx_word' id='word_1_7' title='bbox 1297 405 1372 433; x_wconf 77' lang='grc' dir='ltr'><strong>πω.</strong></span> <span class='ocrx_word' id='word_1_8' title='bbox 1408 391 1520 449; x_wconf 75' lang='lat' dir='ltr'><strong>App.</strong></span> <span class='ocrx_word' id='word_1_9' title='bbox 1554 392 1632 450; x_wconf 79' lang='lat' dir='ltr'><strong>Ep.</strong></span> <span class='ocrx_word' id='word_1_10' title='bbox 1654 395 1740 435; x_wconf 81' lang='lat'><strong>93·-</strong></span> 
     </span>
    </p>

    <p class='ocr_par' dir='ltr' id='par_1_3' title="bbox 327 468 1775 1311">
     <span class='ocr_line' id='line_1_3' title="bbox 328 468 1756 526; baseline 0 -14"><span class='ocrx_word' id='word_1_11' title='bbox 328 468 378 512; x_wconf 88' lang='lat' dir='ltr'><strong>In</strong></span> <span class='ocrx_word' id='word_1_12' title='bbox 396 483 481 526; x_wconf 88' lang='lat' dir='ltr'><strong>quo</strong></span> <span class='ocrx_word' id='word_1_13' title='bbox 509 483 586 526; x_wconf 90' lang='lat' dir='ltr'><strong>pro</strong></span> <span class='ocrx_word' id='word_1_14' title='bbox 609 469 818 522; x_wconf 82' lang='grc' dir='ltr'><strong><em>χρυσωτόν</em></strong></span> <span class='ocrx_word' id='word_1_15' title='bbox 850 469 930 511; x_wconf 89' lang='lat' dir='ltr'><strong>iam</strong></span> <span class='ocrx_word' id='word_1_16' title='bbox 962 469 1063 511; x_wconf 85' lang='lat' dir='ltr'><strong>olim</strong></span> <span class='ocrx_word' id='word_1_17' title='bbox 1085 468 1302 511; x_wconf 77' lang='lat' dir='ltr'>emendavi</span> <span class='ocrx_word' id='word_1_18' title='bbox 1331 469 1568 522; x_wconf 79' lang='grc' dir='ltr'><strong><em>χρυσωπόν,</em></strong></span> <span class='ocrx_word' id='word_1_19' title='bbox 1602 469 1756 513; x_wconf 83' lang='lat' dir='ltr'><strong>collato</strong></span> 
     </span>
     <span class='ocr_line' id='line_1_4' title="bbox 329 546 1754 606; baseline 0.001 -16"><span class='ocrx_word' id='word_1_20' title='bbox 329 548 376 591; x_wconf 87' lang='lat' dir='ltr'><strong>P.</strong></span> <span class='ocrx_word' id='word_1_21' title='bbox 402 547 554 591; x_wconf 84' lang='lat' dir='ltr'><strong>Silent.</strong></span> <span class='ocrx_word' id='word_1_22' title='bbox 584 547 742 606; x_wconf 80' lang='lat' dir='ltr'><strong>Eophr.</strong></span> <span class='ocrx_word' id='word_1_23' title='bbox 772 550 875 592; x_wconf 89' lang='lat'><strong>635.</strong></span> <span class='ocrx_word' id='word_1_24' title='bbox 907 549 1149 601; x_wconf 75' lang='grc' dir='ltr'><strong><em>χρυσοφανῆ</em></strong></span> <span class='ocrx_word' id='word_1_25' title='bbox 1180 546 1392 602; x_wconf 84' lang='grc' dir='ltr'><strong><em>κροκόεντα</em></strong></span> <span class='ocrx_word' id='word_1_26' title='bbox 1417 549 1534 599; x_wconf 62' lang='grc' dir='ltr'><strong><em>λίθων</em></strong></span> <span class='ocrx_word' id='word_1_27' title='bbox 1562 548 1754 603; x_wconf 70' lang='grc' dir='ltr'><strong><em>ἀμαρύγ-</em></strong></span> 
     </span>
     <span class='ocr_line' id='line_1_5' title="bbox 327 624 1775 684; baseline 0.001 -16"><span class='ocrx_word' id='word_1_28' title='bbox 327 641 451 682; x_wconf 76' lang='grc' dir='ltr'><strong><em>ματα</em></strong></span> <span class='ocrx_word' id='word_1_29' title='bbox 477 624 650 679; x_wconf 80' lang='grc' dir='ltr'><strong><em>τεύχει,</em></strong></span> <span class='ocrx_word' id='word_1_30' title='bbox 683 635 726 669; x_wconf 90' lang='lat' dir='ltr'><strong>et</strong></span> <span class='ocrx_word' id='word_1_31' title='bbox 753 625 894 668; x_wconf 89' lang='lat' dir='ltr'><strong>Nonni</strong></span> <span class='ocrx_word' id='word_1_32' title='bbox 922 625 1123 684; x_wconf 86' lang='lat' dir='ltr'><strong>Paraphr.</strong></span> <span class='ocrx_word' id='word_1_33' title='bbox 1149 626 1210 670; x_wconf 83' lang='lat' dir='ltr'><strong>lv</strong></span> <span class='ocrx_word' id='word_1_34' title='bbox 1228 659 1240 678; x_wconf 91' lang='lat'><strong><em>,</em></strong></span> <span class='ocrx_word' id='word_1_35' title='bbox 1274 628 1376 672; x_wconf 87' lang='lat'><strong>209.</strong></span> <span class='ocrx_word' id='word_1_36' title='bbox 1406 626 1531 680; x_wconf 77' lang='grc' dir='ltr'><strong><em>Φύσιν</em></strong></span> <span class='ocrx_word' id='word_1_37' title='bbox 1560 627 1775 683; x_wconf 44' lang='grc' dir='ltr'><strong>χιονωτι·ὸι.ιἸ</strong></span> 
     </span>
     <span class='ocr_line' id='line_1_6' title="bbox 327 704 1758 763; baseline 0.001 -16"><span class='ocrx_word' id='word_1_38' title='bbox 327 704 545 757; x_wconf 70' lang='grc' dir='ltr'><strong><em>ἀμείψας,</em></strong></span> <span class='ocrx_word' id='word_1_39' title='bbox 591 713 654 748; x_wconf 88' lang='lat' dir='ltr'><strong>ut.</strong></span> <span class='ocrx_word' id='word_1_40' title='bbox 678 714 791 748; x_wconf 88' lang='lat' dir='ltr'><strong>reete</strong></span> <span class='ocrx_word' id='word_1_41' title='bbox 832 705 1046 748; x_wconf 86' lang='lat' dir='ltr'><strong>Passovius</strong></span> <span class='ocrx_word' id='word_1_42' title='bbox 1087 720 1166 763; x_wconf 90' lang='lat' dir='ltr'><strong>pro</strong></span> <span class='ocrx_word' id='word_1_43' title='bbox 1207 705 1375 763; x_wconf 81' lang='lat' dir='ltr'><strong>vulgato</strong></span> <span class='ocrx_word' id='word_1_44' title='bbox 1410 706 1620 759; x_wconf 81' lang='grc' dir='ltr'><strong><em>χιονωτόν.</em></strong></span> <span class='ocrx_word' id='word_1_45' title='bbox 1683 705 1758 750; x_wconf 80' lang='grc' dir='ltr'><strong>Ηίο</strong></span> 
     </span>
     <span class='ocr_line' id='line_1_7' title="bbox 329 783 1756 844; baseline 0.002 -18"><span class='ocrx_word' id='word_1_46' title='bbox 329 797 444 826; x_wconf 84' lang='lat' dir='ltr'><strong>nunc</strong></span> <span class='ocrx_word' id='word_1_47' title='bbox 480 783 590 827; x_wconf 86' lang='lat' dir='ltr'><strong>addo</strong></span> <span class='ocrx_word' id='word_1_48' title='bbox 619 800 696 844; x_wconf 91' lang='lat' dir='ltr'><strong>pro</strong></span> <span class='ocrx_word' id='word_1_49' title='bbox 735 784 901 841; x_wconf 85' lang='lat' dir='ltr'><strong>vulgato</strong></span> <span class='ocrx_word' id='word_1_50' title='bbox 940 783 1198 838; x_wconf 71' lang='grc' dir='ltr'><strong><em>περιζώσασα</em></strong></span> <span class='ocrx_word' id='word_1_51' title='bbox 1227 784 1521 843; x_wconf 80' lang='lat' dir='ltr'><strong>corrigendum</strong></span> <span class='ocrx_word' id='word_1_52' title='bbox 1557 798 1644 828; x_wconf 84' lang='lat' dir='ltr'><strong>esse</strong></span> <span class='ocrx_word' id='word_1_53' title='bbox 1683 787 1756 831; x_wconf 79' lang='grc' dir='ltr'><strong>πἐ-</strong></span> 
     </span>
     <span class='ocr_line' id='line_1_8' title="bbox 329 861 1758 922; baseline 0.001 -17"><span class='ocrx_word' id='word_1_54' title='bbox 329 861 581 918; x_wconf 78' lang='grc' dir='ltr'><strong><em>ριζωσθέντα,</em></strong></span> <span class='ocrx_word' id='word_1_55' title='bbox 645 864 705 910; x_wconf 78' lang='lat' dir='ltr'><strong>Ex</strong></span> <span class='ocrx_word' id='word_1_56' title='bbox 734 863 860 907; x_wconf 82' lang='lat' dir='ltr'><strong>verbo</strong></span> <span class='ocrx_word' id='word_1_57' title='bbox 885 863 1125 919; x_wconf 69' lang='grc' dir='ltr'><strong><em>ἀναγράφει</em></strong></span> <span class='ocrx_word' id='word_1_58' title='bbox 1157 879 1242 922; x_wconf 87' lang='lat' dir='ltr'><strong>quo</strong></span> <span class='ocrx_word' id='word_1_59' title='bbox 1269 863 1523 908; x_wconf 53' lang='lat' dir='ltr'><strong>Athenaeum</strong></span> <span class='ocrx_word' id='word_1_60' title='bbox 1547 867 1644 907; x_wconf 77' lang='lat' dir='ltr'><strong>usus</strong></span> <span class='ocrx_word' id='word_1_61' title='bbox 1668 872 1728 907; x_wconf 81' lang='lat' dir='ltr'><strong>est</strong></span> <span class='ocrx_word' id='word_1_62' title='bbox 1745 897 1758 916; x_wconf 82' lang='lat'><em>,</em></span> 
     </span>
     <span class='ocr_line' id='line_1_9' title="bbox 330 941 1757 1002; baseline 0.001 -18"><span class='ocrx_word' id='word_1_63' title='bbox 330 941 412 984; x_wconf 81' lang='lat' dir='ltr'><strong>hoc</strong></span> <span class='ocrx_word' id='word_1_64' title='bbox 439 943 694 1001; x_wconf 77' lang='lat' dir='ltr'><strong>epigramma</strong></span> <span class='ocrx_word' id='word_1_65' title='bbox 730 943 957 987; x_wconf 82' lang='lat' dir='ltr'><strong>confictum</strong></span> <span class='ocrx_word' id='word_1_66' title='bbox 993 943 1149 987; x_wconf 85' lang='lat' dir='ltr'><strong>habere</strong></span> <span class='ocrx_word' id='word_1_67' title='bbox 1184 944 1343 1002; x_wconf 76' lang='lat' dir='ltr'><strong>possis,</strong></span> <span class='ocrx_word' id='word_1_68' title='bbox 1376 942 1446 986; x_wconf 87' lang='lat' dir='ltr'><strong>sed</strong></span> <span class='ocrx_word' id='word_1_69' title='bbox 1486 943 1624 1001; x_wconf 85' lang='lat' dir='ltr'><strong>ipsum</strong></span> <span class='ocrx_word' id='word_1_70' title='bbox 1665 957 1757 986; x_wconf 84' lang='lat' dir='ltr'><strong>oar-</strong></span> 
     </span>
     <span class='ocr_line' id='line_1_10' title="bbox 330 1021 1758 1080; baseline 0 -17"><span class='ocrx_word' id='word_1_71' title='bbox 330 1034 427 1063; x_wconf 87' lang='lat' dir='ltr'><strong>men</strong></span> <span class='ocrx_word' id='word_1_72' title='bbox 455 1029 658 1064; x_wconf 81' lang='lat' dir='ltr'><strong>monstrat</strong></span> <span class='ocrx_word' id='word_1_73' title='bbox 685 1021 761 1065; x_wconf 85' lang='lat' dir='ltr'><strong>hos</strong></span> <span class='ocrx_word' id='word_1_74' title='bbox 790 1036 928 1065; x_wconf 77' lang='lat' dir='ltr'><strong>versus</strong></span> <span class='ocrx_word' id='word_1_75' title='bbox 960 1021 1134 1067; x_wconf 82' lang='lat' dir='ltr'><strong>donario</strong></span> <span class='ocrx_word' id='word_1_76' title='bbox 1160 1035 1208 1065; x_wconf 83' lang='lat' dir='ltr'><strong>ex</strong></span> <span class='ocrx_word' id='word_1_77' title='bbox 1241 1030 1338 1065; x_wconf 86' lang='lat' dir='ltr'><strong>voto</strong></span> <span class='ocrx_word' id='word_1_78' title='bbox 1369 1022 1591 1080; x_wconf 77' lang='lat' dir='ltr'><strong>inscriptos</strong></span> <span class='ocrx_word' id='word_1_79' title='bbox 1615 1022 1758 1065; x_wconf 85' lang='lat' dir='ltr'><strong>fuisse.</strong></span> 
     </span>
     <span class='ocr_line' id='line_1_11' title="bbox 331 1099 1761 1159; baseline -0.001 -14"><span class='ocrx_word' id='word_1_80' title='bbox 331 1099 392 1145; x_wconf 83' lang='lat' dir='ltr'><strong>Ut</strong></span> <span class='ocrx_word' id='word_1_81' title='bbox 417 1099 529 1144; x_wconf 81' lang='grc' dir='ltr'><strong><em>τόνδε</em></strong></span> <span class='ocrx_word' id='word_1_82' title='bbox 571 1102 831 1145; x_wconf 82' lang='lat' dir='ltr'><strong>substantivo</strong></span> <span class='ocrx_word' id='word_1_83' title='bbox 875 1102 1026 1145; x_wconf 79' lang='lat' dir='ltr'><strong>omisso</strong></span> <span class='ocrx_word' id='word_1_84' title='bbox 1066 1102 1109 1144; x_wconf 86' lang='lat' dir='ltr'><strong>in</strong></span> <span class='ocrx_word' id='word_1_85' title='bbox 1147 1100 1416 1144; x_wconf 76' lang='lat' dir='ltr'><strong>dedicatorii·</strong></span> <span class='ocrx_word' id='word_1_86' title='bbox 1453 1102 1761 1159; x_wconf 69' lang='lat' dir='ltr'><strong>epigrammatis</strong></span> 
     </span>
     <span class='ocr_line' id='line_1_12' title="bbox 333 1176 1761 1239; baseline 0.002 -17"><span class='ocrx_word' id='word_1_87' title='bbox 333 1176 546 1231; x_wconf 80' lang='lat' dir='ltr'><strong>solemne,</strong></span> <span class='ocrx_word' id='word_1_88' title='bbox 578 1196 618 1225; x_wconf 87' lang='lat' dir='ltr'><strong>v.</strong></span> <span class='ocrx_word' id='word_1_89' title='bbox 646 1181 831 1225; x_wconf 82' lang='lat' dir='ltr'><strong>Meinek.</strong></span> <span class='ocrx_word' id='word_1_90' title='bbox 863 1181 957 1226; x_wconf 88' lang='lat' dir='ltr'><strong>Del.</strong></span> <span class='ocrx_word' id='word_1_91' title='bbox 989 1181 1136 1239; x_wconf 77' lang='lat' dir='ltr'><strong>Epigr.</strong></span> <span class='ocrx_word' id='word_1_92' title='bbox 1166 1195 1208 1238; x_wconf 87' lang='lat' dir='ltr'><strong>p.</strong></span> <span class='ocrx_word' id='word_1_93' title='bbox 1240 1182 1342 1225; x_wconf 86' lang='lat'><strong>236.</strong></span> <span class='ocrx_word' id='word_1_94' title='bbox 1373 1188 1416 1223; x_wconf 90' lang='lat' dir='ltr'><strong>et</strong></span> <span class='ocrx_word' id='word_1_95' title='bbox 1454 1178 1761 1225; x_wconf 79' lang='lat' dir='ltr'><strong>Theudoridam</strong></span> 
     </span>
     <span class='ocr_line' id='line_1_13' title="bbox 334 1258 706 1311; baseline 0.003 -8"><span class='ocrx_word' id='word_1_96' title='bbox 334 1258 388 1304; x_wconf 76' lang='lat' dir='ltr'><strong>A.</strong></span> <span class='ocrx_word' id='word_1_97' title='bbox 418 1258 465 1305; x_wconf 88' lang='lat' dir='ltr'><strong>P.</strong></span> <span class='ocrx_word' id='word_1_98' title='bbox 495 1258 629 1311; x_wconf 83' lang='lat' dir='ltr'>XIII,</span> <span class='ocrx_word' id='word_1_99' title='bbox 662 1264 706 1304; x_wconf 89' lang='grc'><strong>8.</strong></span> 
     </span>
    </p>

    <p class='ocr_par' dir='ltr' id='par_1_4' title="bbox 451 1337 1644 1394">
     <span class='ocr_line' id='line_1_14' title="bbox 451 1337 1644 1394; baseline 0 -12"><span class='ocrx_word' id='word_1_100' title='bbox 451 1340 497 1382; x_wconf 81' lang='grc' dir='ltr'><strong>ἐκ</strong></span> <span class='ocrx_word' id='word_1_101' title='bbox 526 1338 691 1393; x_wconf 78' lang='grc' dir='ltr'><strong><em>δολιχοῦ</em></strong></span> <span class='ocrx_word' id='word_1_102' title='bbox 721 1338 777 1382; x_wconf 72' lang='grc' dir='ltr'><strong>τό</strong></span> <span class='ocrx_word' id='word_1_103' title='bbox 803 1342 823 1394; x_wconf 80' lang='grc' dir='ltr'><strong><em>ῥ</em></strong></span> <span class='ocrx_word' id='word_1_104' title='bbox 831 1355 861 1382; x_wconf 90' lang='grc' dir='ltr'><strong><em>α</em></strong></span> <span class='ocrx_word' id='word_1_105' title='bbox 885 1339 1146 1393; x_wconf 71' lang='grc' dir='ltr'><strong><em>σφυρήλατον</em></strong></span> <span class='ocrx_word' id='word_1_106' title='bbox 1163 1371 1177 1388; x_wconf 87' lang='grc'>,</span> <span class='ocrx_word' id='word_1_107' title='bbox 1202 1340 1255 1387; x_wconf 80' lang='grc' dir='ltr'><strong>ὥς</strong></span> <span class='ocrx_word' id='word_1_108' title='bbox 1284 1337 1411 1392; x_wconf 69' lang='grc' dir='ltr'><strong><em>τάχει</em></strong></span> <span class='ocrx_word' id='word_1_109' title='bbox 1437 1339 1644 1392; x_wconf 76' lang='grc' dir='ltr'><strong><em>κρατήσας</em></strong></span> 
     </span>
    </p>

    <p class='ocr_par' dir='ltr' id='par_1_5' title="bbox 334 1415 1765 1789">
     <span class='ocr_line' id='line_1_15' title="bbox 452 1415 1574 1471; baseline 0 -11"><span class='ocrx_word' id='word_1_110' title='bbox 452 1422 571 1466; x_wconf 79' lang='grc' dir='ltr'><strong><em>παῖς</em></strong></span> <span class='ocrx_word' id='word_1_111' title='bbox 602 1416 941 1471; x_wconf 75' lang='grc' dir='ltr'><strong><em>’Δριστομοὶχειος</em></strong></span> <span class='ocrx_word' id='word_1_112' title='bbox 970 1417 1154 1461; x_wconf 69' lang='grc' dir='ltr'><strong><em>ἀνείλετο</em></strong></span> <span class='ocrx_word' id='word_1_113' title='bbox 1184 1416 1367 1471; x_wconf 73' lang='grc' dir='ltr'><strong><em>χάλκεον</em></strong></span> <span class='ocrx_word' id='word_1_114' title='bbox 1396 1415 1574 1469; x_wconf 78' lang='grc' dir='ltr'><strong><em>λέβητα.</em></strong></span> 
     </span>
     <span class='ocr_line' id='line_1_16' title="bbox 336 1494 1762 1553; baseline -0.001 -12"><span class='ocrx_word' id='word_1_115' title='bbox 336 1497 419 1542; x_wconf 88' lang='lat' dir='ltr'><strong>Ubi</strong></span> <span class='ocrx_word' id='word_1_116' title='bbox 449 1496 663 1541; x_wconf 77' lang='lat' dir='ltr'><strong>Iacobsius</strong></span> <span class='ocrx_word' id='word_1_117' title='bbox 693 1509 752 1540; x_wconf 81' lang='lat' dir='ltr'><strong>vs.</strong></span> <span class='ocrx_word' id='word_1_118' title='bbox 777 1498 795 1538; x_wconf 96' lang='lat'><strong>1</strong></span> <span class='ocrx_word' id='word_1_119' title='bbox 827 1495 875 1538; x_wconf 85' lang='grc' dir='ltr'><strong>τὸ</strong></span> <span class='ocrx_word' id='word_1_120' title='bbox 904 1494 1044 1550; x_wconf 67' lang='grc' dir='ltr'><strong><em>γέρας,</em></strong></span> <span class='ocrx_word' id='word_1_121' title='bbox 1092 1497 1188 1553; x_wconf 79' lang='lat' dir='ltr'><strong>Ego</strong></span> <span class='ocrx_word' id='word_1_122' title='bbox 1208 1511 1304 1539; x_wconf 84' lang='lat' dir='ltr'><strong>vero</strong></span> <span class='ocrx_word' id='word_1_123' title='bbox 1333 1495 1637 1539; x_wconf 72' lang='lat' dir='ltr'><strong>substantivum</strong></span> <span class='ocrx_word' id='word_1_124' title='bbox 1666 1495 1762 1539; x_wconf 87' lang='lat' dir='ltr'><strong>addi</strong></span> 
     </span>
     <span class='ocr_line' id='line_1_17' title="bbox 334 1574 1761 1634; baseline -0.001 -14"><span class='ocrx_word' id='word_1_125' title='bbox 334 1576 494 1629; x_wconf 86' lang='lat' dir='ltr'><strong>nolim,</strong></span> <span class='ocrx_word' id='word_1_126' title='bbox 524 1584 566 1619; x_wconf 90' lang='lat' dir='ltr'><strong>et</strong></span> <span class='ocrx_word' id='word_1_127' title='bbox 590 1576 797 1634; x_wconf 81' lang='lat' dir='ltr'><strong>aptiorem</strong></span> <span class='ocrx_word' id='word_1_128' title='bbox 823 1574 1072 1619; x_wconf 88' lang='lat' dir='ltr'><strong>emendandi</strong></span> <span class='ocrx_word' id='word_1_129' title='bbox 1089 1575 1291 1618; x_wconf 87' lang='lat' dir='ltr'><strong>rationem</strong></span> <span class='ocrx_word' id='word_1_130' title='bbox 1312 1583 1417 1634; x_wconf 90' lang='lat' dir='ltr'><strong>puto</strong></span> <span class='ocrx_word' id='word_1_131' title='bbox 1440 1574 1617 1620; x_wconf 80' lang='lat' dir='ltr'><strong>Cobeti=</strong></span> <span class='ocrx_word' id='word_1_132' title='bbox 1650 1574 1761 1618; x_wconf 78' lang='grc' dir='ltr'><strong><em>τόνδε</em></strong></span> 
     </span>
     <span class='ocr_line' id='line_1_18' title="bbox 335 1654 1765 1712; baseline -0.002 -12"><span class='ocrx_word' id='word_1_133' title='bbox 335 1661 414 1712; x_wconf 74' lang='lat' dir='ltr'><strong>eq).</strong></span> <span class='ocrx_word' id='word_1_134' title='bbox 457 1655 549 1700; x_wconf 82' lang='lat' dir='ltr'><strong>Nisi</strong></span> <span class='ocrx_word' id='word_1_135' title='bbox 578 1656 727 1699; x_wconf 81' lang='lat' dir='ltr'><strong>malis:</strong></span> <span class='ocrx_word' id='word_1_136' title='bbox 759 1654 937 1708; x_wconf 67' lang='grc' dir='ltr'><strong><em>δολιχοῖο</em></strong></span> <span class='ocrx_word' id='word_1_137' title='bbox 961 1654 1077 1704; x_wconf 74' lang='grc' dir='ltr'><strong><em>τόδε,</em></strong></span> <span class='ocrx_word' id='word_1_138' title='bbox 1111 1655 1141 1699; x_wconf 89' lang='lat' dir='ltr'><strong>i.</strong></span> <span class='ocrx_word' id='word_1_139' title='bbox 1169 1669 1207 1699; x_wconf 89' lang='lat' dir='ltr'><strong>e.</strong></span> <span class='ocrx_word' id='word_1_140' title='bbox 1238 1654 1437 1707; x_wconf 76' lang='grc' dir='ltr'><strong><em>ἄγαλμα,</em></strong></span> <span class='ocrx_word' id='word_1_141' title='bbox 1501 1655 1572 1699; x_wconf 82' lang='lat' dir='ltr'><strong>Vs.</strong></span> <span class='ocrx_word' id='word_1_142' title='bbox 1605 1656 1633 1697; x_wconf 83' lang='lat'>2</span> <span class='ocrx_word' id='word_1_143' title='bbox 1663 1655 1765 1697; x_wconf 77' lang='lat' dir='ltr'><strong>aori·</strong></span> 
     </span>
     <span class='ocr_line' id='line_1_19' title="bbox 334 1732 915 1789; baseline -0.007 -9"><span class='ocrx_word' id='word_1_144' title='bbox 334 1738 387 1780; x_wconf 87' lang='lat' dir='ltr'><strong>be</strong></span> <span class='ocrx_word' id='word_1_145' title='bbox 406 1753 418 1780; x_wconf 74' lang='lat' dir='ltr'>t</span> <span class='ocrx_word' id='word_1_146' title='bbox 439 1733 532 1785; x_wconf 68' lang='grc' dir='ltr'><strong>ὐἱὸς</strong></span> <span class='ocrx_word' id='word_1_147' title='bbox 562 1732 915 1789; x_wconf 72' lang='grc' dir='ltr'><strong><em>Ἀριστομάχειος.</em></strong></span> 
     </span>
    </p>

    <p class='ocr_par' dir='ltr' id='par_1_6' title="bbox 335 1812 1764 2109">
     <span class='ocr_line' id='line_1_20' title="bbox 395 1812 1763 1872; baseline -0.003 -12"><span class='ocrx_word' id='word_1_148' title='bbox 395 1817 456 1860; x_wconf 82' lang='lat' dir='ltr'><strong>Ex</strong></span> <span class='ocrx_word' id='word_1_149' title='bbox 495 1814 713 1860; x_wconf 77' lang='lat' dir='ltr'><strong>Athenaeo</strong></span> <span class='ocrx_word' id='word_1_150' title='bbox 739 1814 858 1872; x_wconf 85' lang='lat' dir='ltr'><strong>plura</strong></span> <span class='ocrx_word' id='word_1_151' title='bbox 889 1813 1026 1856; x_wconf 79' lang='lat' dir='ltr'><strong>afferri</strong></span> <span class='ocrx_word' id='word_1_152' title='bbox 1053 1822 1250 1872; x_wconf 80' lang='lat' dir='ltr'><strong>possent,</strong></span> <span class='ocrx_word' id='word_1_153' title='bbox 1282 1812 1353 1857; x_wconf 81' lang='lat' dir='ltr'><strong>sed</strong></span> <span class='ocrx_word' id='word_1_154' title='bbox 1382 1813 1626 1872; x_wconf 86' lang='lat' dir='ltr'><strong>properanti</strong></span> <span class='ocrx_word' id='word_1_155' title='bbox 1660 1812 1763 1857; x_wconf 86' lang='lat' dir='ltr'><strong>mihi</strong></span> 
     </span>
     <span class='ocr_line' id='line_1_21' title="bbox 337 1891 1763 1951; baseline -0.002 -13"><span class='ocrx_word' id='word_1_156' title='bbox 337 1893 387 1938; x_wconf 83' lang='lat' dir='ltr'><strong>ad</strong></span> <span class='ocrx_word' id='word_1_157' title='bbox 421 1893 720 1951; x_wconf 80' lang='lat' dir='ltr'><strong>Anthologiam</strong></span> <span class='ocrx_word' id='word_1_158' title='bbox 749 1891 801 1934; x_wconf 88' lang='lat' dir='ltr'><strong>ad</strong></span> <span class='ocrx_word' id='word_1_159' title='bbox 835 1892 1129 1949; x_wconf 80' lang='lat' dir='ltr'><strong>inscriptiones</strong></span> <span class='ocrx_word' id='word_1_160' title='bbox 1159 1891 1461 1935; x_wconf 83' lang='lat' dir='ltr'><strong>transeundum</strong></span> <span class='ocrx_word' id='word_1_161' title='bbox 1488 1906 1536 1935; x_wconf 86' lang='lat' dir='ltr'><strong>ex</strong></span> <span class='ocrx_word' id='word_1_162' title='bbox 1564 1892 1763 1935; x_wconf 84' lang='lat' dir='ltr'><strong>Pausania</strong></span> 
     </span>
     <span class='ocr_line' id='line_1_22' title="bbox 335 1970 1764 2031; baseline -0.003 -14"><span class='ocrx_word' id='word_1_163' title='bbox 335 1974 515 2024; x_wconf 75' lang='lat' dir='ltr'><strong>ductas,</strong></span> <span class='ocrx_word' id='word_1_164' title='bbox 547 1972 703 2031; x_wconf 84' lang='lat' dir='ltr'><strong>quibus</strong></span> <span class='ocrx_word' id='word_1_165' title='bbox 738 1970 894 2013; x_wconf 80' lang='lat' dir='ltr'><strong>similes</strong></span> <span class='ocrx_word' id='word_1_166' title='bbox 937 1970 1184 2028; x_wconf 80' lang='lat' dir='ltr'><strong>subiungam</strong></span> <span class='ocrx_word' id='word_1_167' title='bbox 1227 1971 1342 2013; x_wconf 86' lang='lat' dir='ltr'><strong>alias.</strong></span> <span class='ocrx_word' id='word_1_168' title='bbox 1407 1970 1567 2028; x_wconf 80' lang='lat' dir='ltr'><strong>Clypeo</strong></span> <span class='ocrx_word' id='word_1_169' title='bbox 1607 1970 1764 2027; x_wconf 76' lang='lat' dir='ltr'><strong>Oydiae</strong></span> 
     </span>
     <span class='ocr_line' id='line_1_23' title="bbox 337 2048 1612 2109; baseline -0.004 -13"><span class='ocrx_word' id='word_1_170' title='bbox 337 2052 532 2096; x_wconf 88' lang='lat' dir='ltr'><strong>dedicato</strong></span> <span class='ocrx_word' id='word_1_171' title='bbox 563 2051 812 2109; x_wconf 76' lang='lat' dir='ltr'><strong>inscriptum</strong></span> <span class='ocrx_word' id='word_1_172' title='bbox 840 2048 1055 2106; x_wconf 82' lang='lat' dir='ltr'><strong>legebatur</strong></span> <span class='ocrx_word' id='word_1_173' title='bbox 1080 2049 1336 2107; x_wconf 80' lang='lat' dir='ltr'><strong>epigramma</strong></span> <span class='ocrx_word' id='word_1_174' title='bbox 1363 2048 1399 2092; x_wconf 89' lang='lat' dir='ltr'>X</span> <span class='ocrx_word' id='word_1_175' title='bbox 1418 2081 1429 2101; x_wconf 88' lang='lat'>,</span> <span class='ocrx_word' id='word_1_176' title='bbox 1464 2051 1534 2094; x_wconf 87' lang='lat'><strong>21.</strong></span> <span class='ocrx_word' id='word_1_177' title='bbox 1571 2052 1612 2092; x_wconf 91' lang='lat'><strong>3.</strong></span> 
     </span>
    </p>

    <p class='ocr_par' dir='ltr' id='par_1_7' title="bbox 336 2126 1794 2891">
     <span class='ocr_line' id='line_1_24' title="bbox 447 2126 1506 2182; baseline -0.004 -9"><span class='ocrx_word' id='word_1_178' title='bbox 447 2129 508 2173; x_wconf 76' lang='grc' dir='ltr'>Ἦ</span> <span class='ocrx_word' id='word_1_179' title='bbox 538 2129 681 2182; x_wconf 77' lang='grc' dir='ltr'><strong><em>μάλα</em></strong></span> <span class='ocrx_word' id='word_1_180' title='bbox 711 2129 763 2178; x_wconf 75' lang='grc' dir='ltr'><strong>δη</strong></span> <span class='ocrx_word' id='word_1_181' title='bbox 794 2128 990 2170; x_wconf 76' lang='grc' dir='ltr'><strong><em>ποθέουσαι</em></strong></span> <span class='ocrx_word' id='word_1_182' title='bbox 1020 2127 1109 2176; x_wconf 86' lang='grc' dir='ltr'><strong><em>νέην</em></strong></span> <span class='ocrx_word' id='word_1_183' title='bbox 1139 2126 1199 2171; x_wconf 85' lang='grc' dir='ltr'><strong>ἔτι</strong></span> <span class='ocrx_word' id='word_1_184' title='bbox 1230 2126 1372 2170; x_wconf 72' lang='grc' dir='ltr'><strong><em>Κυδίου</em></strong></span> <span class='ocrx_word' id='word_1_185' title='bbox 1403 2127 1506 2178; x_wconf 72' lang='grc' dir='ltr'><strong><em>ἥβην</em></strong></span> 
     </span>
     <span class='ocr_line' id='line_1_25' title="bbox 572 2205 1428 2262; baseline -0.005 -10"><span class='ocrx_word' id='word_1_186' title='bbox 572 2209 699 2257; x_wconf 73' lang='grc' dir='ltr'><strong><em>ἀσπὶς</em></strong></span> <span class='ocrx_word' id='word_1_187' title='bbox 730 2207 918 2262; x_wconf 71' lang='grc' dir='ltr'><strong><em>ἀριζήλου</em></strong></span> <span class='ocrx_word' id='word_1_188' title='bbox 947 2207 1083 2262; x_wconf 82' lang='grc' dir='ltr'><strong><em>φωτὸς</em></strong></span> <span class='ocrx_word' id='word_1_189' title='bbox 1113 2205 1299 2258; x_wconf 73' lang='grc' dir='ltr'><strong><em>ἄγαλμα</em></strong></span> <span class='ocrx_word' id='word_1_190' title='bbox 1329 2206 1428 2255; x_wconf 83' lang='grc' dir='ltr'><strong>Διΐ,</strong></span> 
     </span>
     <span class='ocr_line' id='line_1_26' title="bbox 455 2284 1483 2341; baseline -0.004 -10"><span class='ocrx_word' id='word_1_191' title='bbox 455 2289 499 2340; x_wconf 77' lang='grc' dir='ltr'><strong>ἧς</strong></span> <span class='ocrx_word' id='word_1_192' title='bbox 525 2288 593 2331; x_wconf 76' lang='grc' dir='ltr'><strong>διαὶ</strong></span> <span class='ocrx_word' id='word_1_193' title='bbox 618 2288 665 2337; x_wconf 73' lang='grc' dir='ltr'><strong>δη</strong></span> <span class='ocrx_word' id='word_1_194' title='bbox 689 2287 845 2341; x_wconf 78' lang='grc' dir='ltr'><strong><em>πρώτης</em></strong></span> <span class='ocrx_word' id='word_1_195' title='bbox 876 2285 990 2329; x_wconf 86' lang='grc' dir='ltr'><strong><em>λαιόν</em></strong></span> <span class='ocrx_word' id='word_1_196' title='bbox 1016 2301 1115 2328; x_wconf 79' lang='grc' dir='ltr'><strong><em>ποτε</em></strong></span> <span class='ocrx_word' id='word_1_197' title='bbox 1140 2291 1278 2338; x_wconf 78' lang='grc' dir='ltr'><strong><em>πῆχυν</em></strong></span> <span class='ocrx_word' id='word_1_198' title='bbox 1305 2284 1453 2328; x_wconf 79' lang='grc' dir='ltr'><strong><em>ἔτεινεν</em></strong></span> <span class='ocrx_word' id='word_1_199' title='bbox 1471 2317 1483 2333; x_wconf 89' lang='grc'><em>,</em></span> 
     </span>
     <span class='ocr_line' id='line_1_27' title="bbox 574 2364 1591 2418; baseline -0.005 -8"><span class='ocrx_word' id='word_1_200' title='bbox 574 2364 659 2417; x_wconf 79' lang='grc' dir='ltr'><strong>εὖτ’</strong></span> <span class='ocrx_word' id='word_1_201' title='bbox 685 2366 751 2409; x_wconf 76' lang='grc' dir='ltr'><strong>ἐπὶ</strong></span> <span class='ocrx_word' id='word_1_202' title='bbox 782 2365 850 2408; x_wconf 81' lang='grc' dir='ltr'><strong>τὸν</strong></span> <span class='ocrx_word' id='word_1_203' title='bbox 880 2364 1079 2408; x_wconf 71' lang='grc' dir='ltr'><strong><em>Γαλάταν</em></strong></span> <span class='ocrx_word' id='word_1_204' title='bbox 1109 2364 1270 2415; x_wconf 75' lang='grc' dir='ltr'><strong><em>ἤκμασε</em></strong></span> <span class='ocrx_word' id='word_1_205' title='bbox 1302 2364 1431 2418; x_wconf 79' lang='grc' dir='ltr'><strong><em>θοῦρος</em></strong></span> <span class='ocrx_word' id='word_1_206' title='bbox 1452 2365 1591 2417; x_wconf 80' lang='grc' dir='ltr'><strong><em>”Αρης.</em></strong></span> 
     </span>
     <span class='ocr_line' id='line_1_28' title="bbox 337 2442 1762 2502; baseline -0.006 -12"><span class='ocrx_word' id='word_1_207' title='bbox 337 2446 468 2491; x_wconf 79' lang='lat' dir='ltr'><strong>Cuius</strong></span> <span class='ocrx_word' id='word_1_208' title='bbox 496 2445 689 2488; x_wconf 88' lang='lat' dir='ltr'><strong>ultimum</strong></span> <span class='ocrx_word' id='word_1_209' title='bbox 720 2458 882 2487; x_wconf 85' lang='lat' dir='ltr'><strong>versum</strong></span> <span class='ocrx_word' id='word_1_210' title='bbox 911 2444 1122 2502; x_wconf 85' lang='lat' dir='ltr'><strong>ingeniosa</strong></span> <span class='ocrx_word' id='word_1_211' title='bbox 1150 2443 1388 2486; x_wconf 83' lang='lat' dir='ltr'><strong>coniectura</strong></span> <span class='ocrx_word' id='word_1_212' title='bbox 1426 2444 1600 2485; x_wconf 84' lang='lat' dir='ltr'><strong>tentavit</strong></span> <span class='ocrx_word' id='word_1_213' title='bbox 1635 2442 1762 2501; x_wconf 65' lang='lat' dir='ltr'><strong>Berg-</strong></span> 
     </span>
     <span class='ocr_line' id='line_1_29' title="bbox 338 2521 1760 2583; baseline -0.006 -13"><span class='ocrx_word' id='word_1_214' title='bbox 338 2527 430 2570; x_wconf 83' lang='lat' dir='ltr'><strong>kius</strong></span> <span class='ocrx_word' id='word_1_215' title='bbox 450 2557 462 2576; x_wconf 93' lang='lat'><strong>,</strong></span> <span class='ocrx_word' id='word_1_216' title='bbox 503 2523 686 2583; x_wconf 85' lang='lat' dir='ltr'><strong>scripto:</strong></span> <span class='ocrx_word' id='word_1_217' title='bbox 725 2521 809 2568; x_wconf 82' lang='grc' dir='ltr'><strong><em>εὖτ’</em></strong></span> <span class='ocrx_word' id='word_1_218' title='bbox 835 2523 902 2566; x_wconf 74' lang='grc' dir='ltr'><strong>ἐπὶ</strong></span> <span class='ocrx_word' id='word_1_219' title='bbox 934 2523 1003 2565; x_wconf 85' lang='grc' dir='ltr'><strong>τὸν</strong></span> <span class='ocrx_word' id='word_1_220' title='bbox 1037 2523 1237 2565; x_wconf 69' lang='grc' dir='ltr'><strong><em>Γαλατᾶν</em></strong></span> <span class='ocrx_word' id='word_1_221' title='bbox 1271 2521 1443 2575; x_wconf 72' lang='grc' dir='ltr'><strong><em>ᾕχμασε</em></strong></span> <span class='ocrx_word' id='word_1_222' title='bbox 1479 2522 1607 2574; x_wconf 80' lang='grc' dir='ltr'><strong><em>θοῦρον</em></strong></span> <span class='ocrx_word' id='word_1_223' title='bbox 1642 2522 1760 2575; x_wconf 67' lang='grc' dir='ltr'><strong>Ἄρη,</strong></span> 
     </span>
     <span class='ocr_line' id='line_1_30' title="bbox 337 2592 1764 2660; baseline -0.004 -11"><span class='ocrx_word' id='word_1_224' title='bbox 337 2605 518 2650; x_wconf 84' lang='lat' dir='ltr'><strong>Dialeoti</strong></span> <span class='ocrx_word' id='word_1_225' title='bbox 544 2598 718 2647; x_wconf 83' lang='lat' dir='ltr'><strong>Doricae</strong></span> <span class='ocrx_word' id='word_1_226' title='bbox 743 2604 910 2660; x_wconf 79' lang='lat' dir='ltr'><strong>vestigia</strong></span> <span class='ocrx_word' id='word_1_227' title='bbox 935 2592 1272 2659; x_wconf 75' lang='lat' dir='ltr'><strong>sustuli„‘quum</strong></span> <span class='ocrx_word' id='word_1_228' title='bbox 1304 2598 1455 2657; x_wconf 74' lang='lat' dir='ltr'><strong>Cydias</strong></span> <span class='ocrx_word' id='word_1_229' title='bbox 1482 2600 1609 2642; x_wconf 82' lang='lat' dir='ltr'><strong>fuerit</strong></span> <span class='ocrx_word' id='word_1_230' title='bbox 1631 2599 1764 2644; x_wconf 79' lang='lat' dir='ltr'><strong>Athe-</strong></span> 
     </span>
     <span class='ocr_line' id='line_1_31' title="bbox 336 2680 1794 2740; baseline -0.004 -12"><span class='ocrx_word' id='word_1_231' title='bbox 336 2686 506 2728; x_wconf 84' lang='lat' dir='ltr'><strong>niensis.</strong></span> <span class='ocrx_word' id='word_1_232' title='bbox 570 2682 702 2727; x_wconf 81' lang='lat' dir='ltr'><strong>initio</strong></span> <span class='ocrx_word' id='word_1_233' title='bbox 734 2696 872 2726; x_wconf 78' lang='lat' dir='ltr'><strong>versus</strong></span> <span class='ocrx_word' id='word_1_234' title='bbox 916 2683 1042 2740; x_wconf 85' lang='lat' dir='ltr'><strong>primi</strong></span> <span class='ocrx_word' id='word_1_235' title='bbox 1079 2680 1256 2724; x_wconf 84' lang='lat' dir='ltr'><strong>editores</strong></span> <span class='ocrx_word' id='word_1_236' title='bbox 1295 2680 1521 2722; x_wconf 84' lang='lat' dir='ltr'><strong>Pausaniae</strong></span> <span class='ocrx_word' id='word_1_237' title='bbox 1565 2680 1761 2723; x_wconf 87' lang='lat' dir='ltr'><strong>coniece-</strong></span> <span class='ocrx_word' id='word_1_238' title='bbox 1792 2692 1794 2701; x_wconf 72' lang='grc'>’</span> 
     </span>
     <span class='ocr_line' id='line_1_32' title="bbox 337 2744 1794 2817; baseline -0.005 -10"><span class='ocrx_word' id='word_1_239' title='bbox 337 2774 462 2813; x_wconf 77' lang='lat' dir='ltr'><strong>runt:</strong></span> <span class='ocrx_word' id='word_1_240' title='bbox 495 2768 633 2815; x_wconf 81' lang='grc' dir='ltr'><strong><em>κεῖμαι</em></strong></span> <span class='ocrx_word' id='word_1_241' title='bbox 665 2762 741 2812; x_wconf 73' lang='grc' dir='ltr'><strong>δήι,</strong></span> <span class='ocrx_word' id='word_1_242' title='bbox 775 2762 985 2805; x_wconf 84' lang='lat' dir='ltr'><strong>Iacobsius</strong></span> <span class='ocrx_word' id='word_1_243' title='bbox 1012 2760 1110 2814; x_wconf 75' lang='grc' dir='ltr'><strong><em>ἧμαι</em></strong></span> <span class='ocrx_word' id='word_1_244' title='bbox 1134 2760 1206 2808; x_wconf 68' lang='grc' dir='ltr'><strong>δή,</strong></span> <span class='ocrx_word' id='word_1_245' title='bbox 1242 2758 1392 2802; x_wconf 84' lang='lat' dir='ltr'><strong>collato</strong></span> <span class='ocrx_word' id='word_1_246' title='bbox 1422 2757 1646 2817; x_wconf 81' lang='lat' dir='ltr'><strong>Hegesippi</strong></span> <span class='ocrx_word' id='word_1_247' title='bbox 1673 2774 1760 2802; x_wconf 87' lang='lat' dir='ltr'><strong>car·</strong></span> <span class='ocrx_word' id='word_1_248' title='bbox 1792 2744 1794 2764; x_wconf 54' lang='lat'>²</span> 
     </span>
     <span class='ocr_line' id='line_1_33' title="bbox 339 2829 1794 2891; baseline -0.003 -6"><span class='ocrx_word' id='word_1_249' title='bbox 339 2844 448 2890; x_wconf 86' lang='lat' dir='ltr'><strong>mine</strong></span> <span class='ocrx_word' id='word_1_250' title='bbox 484 2843 532 2887; x_wconf 77' lang='lat' dir='ltr'><strong>A.</strong></span> <span class='ocrx_word' id='word_1_251' title='bbox 563 2843 608 2889; x_wconf 86' lang='grc' dir='ltr'><strong>Ρ.</strong></span> <span class='ocrx_word' id='word_1_252' title='bbox 639 2841 719 2891; x_wconf 84' lang='lat' dir='ltr'><strong>VI,</strong></span> <span class='ocrx_word' id='word_1_253' title='bbox 751 2855 784 2882; x_wconf 84' lang='lat' dir='ltr'><strong>c.</strong></span> <span class='ocrx_word' id='word_1_254' title='bbox 823 2843 915 2886; x_wconf 78' lang='lat'>124.</span> <span class='ocrx_word' id='word_1_255' title='bbox 1791 2829 1794 2840; x_wconf 68' lang='grc'><strong>“</strong></span> 
     </span>
    </p>
   </div>
  </div>
 </body>
</html>
