1794 3412
643 244 883 286 ..23-

42 386 126 416 non
165 367 278 429 apud
316 367 565 412 Pausaniam
597 366 678 412 vll
699 400 712 420 ‚
747 369 820 413 27.
854 369 898 414 2.
963 366 1169 412 Θεσσαλοὶ
1202 365 1243 410 δὲ
1276 367 1496 417 ἡσσηθῆναι

39 449 376 503 Πουλυδάμαντα
403 449 485 503 οὐχ
510 448 808 501 ὁμολογοῦντες
835 446 1091 502 παρέχονται
1120 446 1188 491 καὶ
1217 444 1337 490 ἄλλα
1364 448 1405 497 ἐς
1429 447 1498 491 πί-

41 547 131 576 στιν
157 531 226 575 καὶ
255 531 439 584 ἐλεγεῖον
470 527 538 572 ἐπὶ
571 530 627 584 τῷ
655 526 976 582 Πουλυδάμαντι
993 542 1002 553 ·

161 610 190 655 ὦ
217 611 344 666 τράφε
376 608 729 663 Πουλυδάμαντος
760 607 958 654 άνικάτου
989 605 1243 652 Σκοτόεσσα.

42 692 168 739 Haud
197 693 321 737 aliter
353 689 606 735 Plutarchus
636 690 690 734 dc
720 690 832 736 Virt.
864 690 986 735 Alex.
1014 689 1083 738 11.
1119 693 1163 735 5.
1226 687 1433 737 Διονύσιος
1460 688 1502 731 δὲ

43 775 62 817 ὁ
93 775 277 828 νεώτερος
310 771 569 820 ’Λπόλλωνος
602 771 683 813 υἱὸν
708 770 852 814 ἑαυτὸν
882 768 1155 823 ἀνηγόρευσεν
1186 768 1429 823 ἐπιγράψας
1452 784 1461 793 ·

164 853 335 908 Δωρίδος
363 853 410 894 ἐκ
434 850 587 904 μητρὸς
621 849 771 901 Φοίβου
798 849 1016 900 κοινώμασι
1042 849 1258 900 βλαστών.

42 934 157 979 Ibid.
181 934 252 985 11,
287 935 331 978 2.
363 940 406 976 et
434 930 487 975 de
521 932 679 974 Amore
711 928 829 972 Prol.
863 943 903 974 c.
929 927 1008 973 lv.
1041 928 1274 973 ἐπαινεῖται
1303 929 1372 972 καὶ
1400 946 1502 980 μνη-

43 1012 260 1065 μονεύεται
287 1015 359 1055 τοῦ
391 1011 546 1060 Εὐηνοῦ
574 1012 694 1053 τοῦτο
724 1007 844 1060 μόνον
863 1042 875 1058 ,
908 1009 960 1058 ὥς
986 1007 1249 1062 ἐπέγραψεν·
1286 1010 1334 1065 ¹).

164 1095 186 1144 ἢ
211 1092 295 1142 δέος
323 1093 347 1143 ἢ
375 1090 489 1140 λύπη
515 1095 618 1139 παῖς
653 1089 781 1143 πατρὶ
811 1087 958 1132 πάντα
983 1088 1141 1143 χρόνον.

45 1173 142 1220 Uno
175 1181 339 1217 tantum
375 1172 596 1216 notissimo
640 1170 934 1228 inscriptionis
975 1168 1225 1230 sepulcralis
1261 1183 1384 1213 versu
1412 1183 1509 1213 usus

45 1261 109 1299 est
149 1252 436 1306 Plutarchus,
485 1251 663 1296 caeteris
706 1251 895 1297 resectis,
968 1251 1033 1296 Ita
1077 1265 1174 1311 pars
1216 1249 1510 1308 inscriptionis

45 1333 159 1394 apud
199 1333 507 1378 Philochorum
549 1332 760 1391 Harpocr.
790 1347 836 1391 p.
870 1333 972 1378 107.
1007 1334 1084 1378 26.
1147 1329 1368 1385 Φιλόχορος
1396 1330 1438 1374 δὲ
1469 1331 1511 1373 ἐν

44 1416 84 1461 ς’
115 1412 239 1463 οὕτως
261 1428 271 1440 ·
332 1430 361 1458 >>
377 1414 605 1468 Αἷσχραῖος
644 1410 944 1466 Ἀναγυράσιος
981 1411 1152 1463 ἀνέθηκε
1190 1410 1260 1455 τὸν
1298 1411 1398 1466 ὑπὲρ
1439 1415 1512 1455 τοῦ

46 1493 213 1548 θεάτρου
251 1493 424 1548 τρίποδα
459 1492 785 1547 καταργυρώσας
804 1524 817 1542 ,
860 1494 1072 1542 νενικηκὼς
1110 1493 1168 1546 τῷ
1201 1490 1390 1546 πρότερον
1429 1490 1510 1535 ἔτει

48 1578 236 1629 χορηγῶν
266 1574 386 1617 παισὶ
425 1573 495 1616 καὶ
530 1572 771 1626 ἐπέγραψεν
813 1588 841 1615 »
857 1572 925 1616 ἐπὶ
954 1574 1029 1623 τὴν
1059 1573 1304 1624 κατατομὴν
1336 1578 1409 1623 τῆς
1437 1572 1511 1614 πέ-

49 1657 201 1709 τρας.”
265 1653 356 1698 Nec
382 1654 597 1714 integrum
623 1651 790 1696 videtur
834 1653 1096 1712 epigramma
1124 1650 1238 1711 apud
1277 1651 1512 1698 Herodian.

49 1750 96 1778 π.
125 1751 174 1788 μ.
203 1744 247 1778 λ.
280 1750 328 1794 p.
358 1735 431 1779 30.
469 1735 539 1777 14.
598 1734 733 1787 ’Άραρ
762 1748 827 1782 τις
854 1731 1032 1786 λέγεται
1064 1733 1280 1785 ποταμὸς,
1314 1735 1365 1782 ὥς
1393 1735 1513 1787 παρί-

50 1830 170 1865 στησι
203 1814 272 1859 καὶ
301 1813 557 1868 ἐπίγραμμα
583 1811 682 1867 ἔχον
707 1811 833 1862 οὕτως
850 1827 860 1837 ·

228 1893 452 1948 μισγόμεθ’
477 1893 675 1944 ἀλλήλων
705 1893 758 1943 ὦς
785 1894 961 1946 ’Ἄραρος
985 1891 1182 1943 Ῥοδανός.

102 2109 132 2155 ¹)
157 2105 260 2143 Miror
280 2106 489 2156 Bergkium,
517 2106 581 2156 qui
603 2105 698 2142 hunc
713 2117 854 2144 versum
872 2104 986 2142 eidem
1009 2103 1139 2141 tribuit
1163 2107 1277 2144 Eveno
1296 2107 1397 2144 cuius
1417 2107 1519 2158 plura

54 2175 247 2214 laudantur
271 2174 464 2226 fragmenta
477 2202 489 2222 ,
526 2175 638 2225 decipi
675 2187 711 2212 se
735 2187 875 2225 passum
908 2186 979 2211 esse
1012 2175 1171 2213 Hermiae
1204 2175 1319 2214 verbis
1350 2177 1395 2215 ad
1430 2179 1517 2216 Plat.

56 2245 197 2283 phaedr.
221 2248 297 2282 267
322 2249 363 2283 A.
400 2246 630 2294 θαυμαστὸς
668 2244 712 2282 δὲ
744 2244 896 2295 ἐγένετο
935 2244 1111 2292 Εὔηνός·
1148 2248 1217 2283 καὶ
1243 2246 1418 2294 ἀλλαχοῦ
1445 2250 1520 2287 αὐ·-

57 2316 124 2354 τὸν
148 2314 323 2361 inauret,
353 2316 396 2359 ὃς
422 2318 488 2354 καὶ
516 2316 585 2353 τὸν
611 2314 754 2363 ἴαμβον
778 2318 921 2352 τοῦτον
944 2310 1078 2352 εἶπεν·

257 2386 282 2433 ἦ
307 2385 434 2435 φόβος
458 2386 482 2432 ἢ
508 2388 610 2434 λύπη
629 2392 722 2428 παῖς
746 2387 865 2437 πατρὶ
889 2387 1015 2424 πάντα
1039 2385 1145 2434 βίον.

58 2457 107 2494 Ex
129 2456 242 2494 verbis
267 2456 361 2493 enim
387 2455 588 2493 Plutarchi:
613 2459 895 2506 μνημονεύεται
922 2460 993 2496 τοῦ
1016 2458 1175 2506 Εὐηνοῦ
1204 2461 1344 2497 τοῦτο
1376 2462 1521 2509 μόνον

58 2531 195 2563 certum
227 2532 280 2562 est
312 2525 406 2562 hunc
430 2532 692 2575 pentametrum
722 2527 872 2564 ductum
906 2540 975 2565 esse
1008 2541 1048 2565 ex
1081 2528 1305 2579 inscriptione
1329 2530 1375 2567 ab
1409 2533 1522 2568 Eveno

60 2596 188 2632 maiore
209 2596 358 2646 scripta,
384 2596 428 2633 de
449 2610 518 2647 quo
530 2605 629 2646 poeta
655 2596 858 2648 ignobiliore
870 2599 1111 2648 Harpocratio:
1139 2599 1210 2637 δύο
1236 2599 1523 2652 ἀναγράφουσιν

61 2667 241 2714 Εὐηνούς
272 2665 447 2718 ἐλεγείων
472 2670 635 2715 ποιητάς
663 2668 889 2716 ὁμωνύμους
914 2667 1119 2718 ἀλλήλοις,
1162 2672 1341 2723 καθάπερ
1366 2676 1522 2723 Ἐρατο-

63 2736 204 2785 σθὲνης
237 2737 279 2775 ἓν
319 2738 370 2788 τῷ
406 2740 494 2789 περί
529 2738 836 2790 χρονογραφιάς,
866 2738 1105 2790 ἀμφοτέρους
1128 2742 1245 2793 λέγων
1268 2746 1442 2793 Παρίους
1465 2742 1526 2782 εἷ-

66 2819 154 2853 ναι,
186 2808 441 2857 γνωρίζεσθαι
468 2808 512 2845 δέ
545 2823 642 2856 φησι
685 2809 750 2846 τὸν
782 2808 966 2860 νεώτερον
999 2814 1134 2858 μόνον.
1188 2813 1324 2850 Minoris
1363 2816 1522 2852 memini!r

67 2875 161 2914 Plato
185 2881 247 2928 Ap.
273 2882 306 2916 S.
334 2882 382 2916 20
410 2884 445 2916 Α.
475 2880 595 2917 phaed.
625 2884 671 2917 60
698 2884 733 2917 B.
770 2881 909 2919 phaedr.
931 2885 1003 2919 267
1031 2887 1069 2920 Α.
