1794 3412
949 253 1154 305 --2‘-

334 385 518 444 aliisque
546 386 644 428 artis
676 385 872 443 operibus
902 396 1064 430 exarata
1103 395 1174 429 aut
1205 388 1245 428 in
1279 387 1416 430 fronte
1446 387 1637 438 codicum
1677 400 1765 431 ma-

340 465 653 522 nuscriptorum
682 471 795 506 extra
823 463 1011 507 ordinem
1043 466 1287 523 paginarum
1321 466 1473 524 scripta
1490 467 1732 524 legebantur
1751 499 1763 519 ,

338 543 511 586 Graecis
539 542 707 600 proprio
744 542 914 584 nomine
944 541 1056 584 dicta
1087 542 1434 597 Ἐπιγροέμμοιτοι.
1497 545 1580 589 Sed
1616 546 1766 588 inscri-

342 622 506 679 ptiones
533 633 662 678 quum
685 619 935 678 pierumque
955 629 1090 664 essent
1104 621 1313 666 breviores
1334 638 1470 682 neque
1493 632 1653 667 certum
1673 639 1766 667 ver-

340 714 458 741 suum
499 698 748 742 excederent
790 713 1041 751 numerum,
1090 701 1149 743 nil
1189 703 1341 745 mirum
1397 702 1544 747 eodem
1596 705 1766 747 nomine

339 780 420 820 iam
459 785 649 827 mature,
680 786 727 820 ut
755 778 953 836 Meleagri
985 779 1264 837 antiquissimi
1306 781 1585 840 Anthologiae
1619 780 1767 825 condi-

339 856 443 898 toris
473 863 635 906 aetate,
667 855 779 897 dicta
807 870 893 899 esse
924 858 1064 899 omnia
1089 860 1272 901 carmina
1301 861 1417 917 parvi
1449 861 1628 903 ambitus
1647 893 1659 912 ,
1692 874 1767 903 cu·

341 936 574 991 iuscunque
618 933 783 977 tandem
829 937 1082 992 argumenti.
1156 936 1362 994 Exiguum
1409 939 1521 981 enim
1572 953 1766 982 versuum

340 1028 559 1057 numerum
585 1022 627 1057 et
658 1014 907 1057 brevitatem
945 1015 1176 1057 carminum
1206 1017 1373 1059 unicam
1416 1032 1502 1060 esse
1542 1025 1698 1060 certam
1726 1027 1768 1060 et

339 1095 553 1151 proprium
580 1101 719 1135 notam
739 1124 752 1143 ,
781 1107 861 1150 qua
887 1093 1072 1135 cernitur
1101 1093 1393 1151 Epigramma,
1427 1103 1590 1138 constat
1606 1110 1653 1138 ex
1675 1110 1768 1140 ver·

340 1172 453 1214 sibus
487 1171 800 1222 Parmenionis,
835 1170 966 1216 Anth.
1000 1171 1088 1215 Pal.
1117 1172 1208 1224 lx,
1241 1187 1334 1232 cap.
1363 1175 1467 1218 342.

457 1248 565 1301 Φημὶ
597 1249 867 1306 πολυστιχίην
898 1249 1216 1306 ἐπιγράμματος
1247 1253 1291 1305 οὐ
1323 1252 1435 1299 κατὰ
1466 1251 1637 1301 Μούσαις

516 1326 645 1371 εἶναι·
676 1330 734 1379 μὴ
766 1327 918 1380 ζητεῖτ’
949 1329 990 1370 ἐν
1021 1328 1170 1383 σταδίῳ
1200 1329 1363 1383 δολιχόν
1395 1331 1480 1373 κτέ.

338 1417 378 1449 et
413 1407 591 1464 Cyrilli,
625 1409 698 1465 qui
726 1422 794 1450 sex
831 1407 1015 1450 versibus
1054 1408 1308 1466 epigramma
1345 1407 1643 1452 absolvendum
1682 1424 1771 1453 esse

339 1487 429 1537 ait,
464 1487 523 1530 ib.
556 1501 595 1531 c.
623 1489 724 1530 369.

398 1563 626 1615 Πάγκωλόν
657 1565 743 1606 ἐστ’
773 1564 1026 1616 ἐπίγραμμα.
1053 1565 1100 1607 τὸ
1131 1564 1312 1618 δίστιχον
1328 1597 1341 1614 ,
1375 1566 1420 1616 ἢν
1439 1565 1483 1608 ’δὲ
1513 1565 1711 1624 παρέλθῃς

455 1643 548 1690 τοὺς
579 1648 711 1696 τρεῖς,
743 1642 940 1696 ῥαψῳδεῖς
972 1643 1070 1685 κούκ
1100 1643 1350 1697 ἐπίγραμμα
1379 1645 1532 1696 λέγεις.
1641 1634 1643 1636 ¹

342 1721 457 1764 Idem
490 1729 632 1778 patere
656 1720 822 1763 videtur
847 1735 894 1762 ex
927 1720 1115 1779 Philippi
1147 1737 1266 1765 versu
1290 1723 1330 1766 in
1362 1724 1583 1768 Prooemio
1609 1723 1769 1768 Antho-

341 1800 474 1857 logiae
505 1800 863 1857 Epigrammatum
885 1830 897 1849 ‚
932 1800 984 1843 A.
1011 1800 1058 1843 P.
1090 1800 1150 1842 IV
1171 1832 1181 1851 ,
1212 1804 1267 1852 2,
1301 1806 1343 1846 5.

457 1877 576 1922 ἀλλὰ
605 1876 884 1930 παλαιοτέρων
915 1876 1023 1925 εἰδὼς
1053 1877 1194 1926 κλέος,
1228 1879 1345 1921 ἑσθλὲ
1376 1878 1569 1932 Κάμιλλε
1585 1913 1598 1930 ,

517 1956 635 2007 γνῶθι
665 1955 735 2000 καὶ
766 1955 989 2009 ὁπλοτέρων
1019 1957 1115 2005 τὴν
1142 1957 1552 2011 ὅλιγοστιχίην.

343 2034 496 2081 Omnia
526 2035 630 2079 haec
662 2036 846 2078 carmina
883 2035 1059 2078 minoris
1104 2035 1314 2088 ambitus,
1346 2050 1423 2094 pro
1464 2052 1508 2080 re
1535 2045 1631 2080 nata
1669 2039 1774 2086 scri-

343 2123 441 2172 pta.
480 2114 609 2159 altera
644 2122 763 2173 parte
792 2114 1112 2172 complectenda
1148 2123 1189 2158 et
1225 2130 1302 2173 pro
1335 2124 1579 2173 argumento
1609 2117 1774 2160 diverto

344 2195 387 2238 in
424 2201 506 2239 tres
546 2193 679 2236 libros
724 2193 958 2236 diducenda
999 2193 1252 2252 putaverim.
1312 2194 1362 2236 In
1403 2194 1585 2251 primum
1617 2194 1774 2239 librum

343 2272 528 2330 cogenda
555 2271 751 2316 videntur
775 2273 1075 2331 epigrammate
1105 2273 1295 2327 βιωφελῆ
1327 2280 1369 2316 et
1395 2272 1625 2331 biologica'‚
1658 2274 1774 2317 exin-

345 2353 397 2397 de
430 2352 614 2398 carmina
644 2368 666 2395 a
707 2352 842 2410 poetis
878 2351 931 2394 ad
972 2359 1169 2410 patronos
1207 2360 1250 2395 et
1282 2351 1505 2394 familiares
1543 2352 1699 2411 scripta
1732 2360 1775 2395 et

344 2440 506 2477 caetera
543 2432 684 2476 omnia
716 2431 898 2475 oar-mina
934 2431 1039 2474 varii
1078 2431 1346 2490 argumenti,
1380 2431 1534 2489 quibus
1566 2446 1698 2474 unum
1730 2446 1774 2474 a-

344 2518 466 2568 ptum
501 2519 560 2554 est
594 2524 815 2554 commune
843 2524 995 2553 nomen
1025 2525 1072 2556 ex
1107 2509 1185 2552 luc
1214 2510 1302 2567 ipsa
1340 2510 1538 2553 varietate
1567 2510 1771 2555 ductum·=

346 2588 587 2641 Συμμιεοτά.
650 2589 833 2633 Secundi
864 2589 963 2632 libri
991 2598 1116 2633 erunt
1152 2589 1451 2647 epigrammata
1491 2588 1643 2646 quibus
1674 2603 1776 2648 poe·

347 2676 413 2713 tae
452 2667 564 2712 furta
599 2675 641 2711 et
679 2683 838 2710 amores
878 2669 1122 2712 cecinerunt
1167 2676 1239 2710 aut
1281 2668 1364 2710 vini
1402 2668 1776 2726 conviviorumque

347 2746 487 2791 leudes
531 2746 795 2791 celebrarunt
835 2747 1048 2807 vitamque
1086 2746 1276 2790 hilariter
1317 2745 1620 2803 transigendam
1658 2761 1775 2788 com-

347 2825 624 2871 mendarunt:
660 2824 996 2881 Ἐπιγροὶμμοιτοι
1023 2825 1191 2882 ἐρωτικαὶ
1209 2860 1220 2876 ,
1254 2824 1424 2870 παιδικά
1454 2834 1496 2869 et
1522 2823 1772 2879 συμποτικοὶ.
