1794 3412
211 275 228 299 ‚
664 236 936 276 —105—

82 364 133 407 de
182 376 302 405 causa
354 359 457 402 haec
502 359 724 418 inscriptio
763 367 915 418 poetae
955 355 1196 401 abiudicata
1236 356 1305 401 sit.
1371 354 1454 399 Sed
1494 355 1543 398 ad

78 442 250 499 ἐρωτικά
286 450 400 484 recte
429 440 608 484 relatum
640 455 809 484 carmen
837 439 993 498 Hedyli
1022 439 1059 481 V
1079 472 1090 491 ,
1126 453 1165 483 c.
1192 439 1293 483 161.

196 525 347 579 Εὐφρὼ
379 523 449 566 καὶ
484 521 590 571 Θαῒς
623 523 692 565 καὶ
721 521 893 570 Βοίδιον,
928 522 973 564 αἱ
1000 520 1227 573 Διομήδους

318 609 490 658 γραῖαι,
525 604 813 656 ναυκλήρων
846 601 1060 650 ὁλκάδες
1092 599 1359 655 sindo-opat,

188 683 321 736 εἴΑγιν
354 685 423 728 καὶ
456 687 712 739 Κλεοφῶντα
743 683 812 726 καὶ
846 681 1129 736 Ἀνταγόρην,
1163 679 1218 724 ἕν’
1248 680 1406 730 ἑκάστη
1426 715 1436 730 ,

316 765 531 818 γυμνοὺς,
565 768 752 816 ναυηγῶν
784 763 983 815 ἥσσονας,
1017 752 1244 814 ἐξέβαλον·

197 846 315 891 ἄλλα
342 847 416 890 σὺν
441 847 594 894 αὐταῖς
626 844 740 894 νηυσὶ
768 844 826 887 τα
851 843 1054 899 λῃστρικοὶ
1080 849 1155 893 τῆς
1184 842 1428 897 Ἀφροδίτης

313 925 502 981 φεύγετε
522 939 532 950 ·
566 924 762 977 Σειρήνων
789 922 884 967 αἵδε
906 923 992 978 γὰρ
1024 922 1275 977 ἐχθρότεραι.

73 1007 123 1051 In
159 1007 326 1052 verbis:
358 1006 593 1059 ναυκλήρων
630 1003 805 1053 ὁλκάδες
843 1003 1031 1058 εἰκόσοροι
1063 1002 1326 1062 explicandis
1358 1003 1466 1045 mire
1498 1018 1542 1046 se

0 907 3 948 ἑ

0 954 3 1003 ,ῐ

0 1006 3 1040 ι

0 1042 2 1091 l

71 1095 286 1132 torserunt
322 1087 400 1129 viri
439 1085 586 1138 docti,
635 1100 822 1145 quorum
859 1084 1075 1129 Brodaeus
1115 1099 1216 1127 voce
1255 1082 1443 1137 εἷκόσοροι
1476 1098 1545 1127 re-

72 1169 178 1228 spici
201 1168 367 1228 putavit
392 1167 443 1210 ad
475 1174 712 1210 amatorum
737 1182 965 1211 numerum
983 1201 994 1220 ,
1030 1182 1134 1226 quas
1163 1165 1413 1209 admiserint
1446 1180 1539 1208 me-

71 1250 244 1294 retrices
262 1283 272 1301 ‚
298 1263 454 1308 easque
480 1248 659 1307 navigiis
687 1248 928 1307 comparari
949 1281 960 1299 ,
995 1255 1043 1290 ut
1070 1255 1259 1291 amantes
1277 1245 1512 1306 remigibus
1528 1279 1539 1297 ‚

71 1332 236 1375 notavit
260 1330 493 1374 Iacobsius.
544 1331 634 1388 Ego
656 1344 757 1373 vero
787 1328 967 1388 Agidem
990 1362 1000 1380 ,
1038 1328 1349 1388 Cleophontem
1380 1337 1423 1372 et
1451 1329 1542 1373 An-

71 1420 262 1470 tagoram
287 1410 508 1454 naucleros
540 1410 668 1454 fuisse
701 1418 809 1469 puto
842 1410 959 1453 navis
988 1409 1218 1465 εἷκοσόρου,
1254 1426 1358 1470 quas
1386 1410 1453 1453 vel
1483 1410 1544 1453 sic

74 1493 196 1536 bonis
238 1492 431 1536 exuerint
462 1492 725 1536 meretrices·
792 1492 909 1548 Quae
941 1492 1149 1535 sententia
1195 1491 1364 1535 restitui
1398 1499 1540 1550 potest

73 1574 262 1633 scripto:

313 1658 458 1708 γραῖαι
490 1654 738 1708 ναυκλήρους
770 1653 943 1702 ὁλκάδος
975 1652 1174 1708 εἷκοσὸρου

311 1734 495 1788 γυμνοὺς
523 1733 740 1787 ἐξέβαλον.

71 1815 274 1861 Eiusdem
299 1831 399 1860 vero
428 1814 585 1874 Hedyli
613 1816 836 1875 inscriptio
863 1816 1156 1867 άναθηματική
1190 1816 1302 1859 inter
1331 1816 1542 1875 epigram-

70 1905 182 1942 mata
214 1896 387 1951 ἐρωτικά
416 1896 521 1940 falso
553 1896 686 1940 relata
719 1904 781 1939 est
811 1910 850 1939 c.
883 1898 981 1940 199.

191 1975 310 2026 Οἷνος
338 1976 408 2020 καὶ
437 1975 654 2031 προπόσεις
689 1976 989 2028 κατεκοίμισαν
1021 1976 1300 2027 Ἀγλαονίκην

307 2058 353 2100 αἱ
384 2056 517 2101 δόλιαι
551 2057 620 2100 καὶ
649 2056 743 2112 ἔρως
772 2056 868 2108 ἡδὺς
895 2057 914 2100 ὂ
946 2055 1192 2111 Νικαγύρεω
1209 2091 1222 2107 ,

193 2138 237 2188 ἧς
264 2137 381 2192 παρὰ
407 2137 578 2192 Κύπριδι
610 2140 754 2181 ταῦτα
785 2138 925 2192 μύροις
959 2137 1020 2181 ἔτι
1047 2137 1193 2182 πάντα
1224 2137 1417 2191 μυδῶντα

311 2223 468 2261 κεῖνται
494 2218 715 2272 παρθενίων
743 2218 854 2272 ὑγροὶ
880 2216 1056 2274 λάφυρα
1086 2218 1242 2268 πόθων,

192 2297 385 2342 σάνδαλα
412 2297 480 2342 καὶ
515 2297 737 2350 μαλακαὶ,
771 2301 943 2350 μαστῶν
976 2297 1270 2350 ἐκδύματα,
1304 2299 1447 2352 μίτραι

311 2377 435 2422 ὕπνου
462 2379 532 2422 καὶ
566 2383 762 2431 σκυλμῶν
792 2383 871 2422 τῶν
897 2378 992 2422 τότε
1025 2378 1246 2433 μαρτύρια.

70 2461 157 2506 Ubi
186 2476 248 2504 vs.
276 2464 302 2503 5
335 2460 500 2504 scribe:
537 2460 765 2512 ἐνδύματα.
831 2458 922 2503 Nec
947 2459 1002 2503 ab
1035 2460 1151 2503 omni
1188 2468 1311 2519 parte
1340 2462 1537 2506 emenda-

71 2549 136 2585 tae
168 2541 277 2586 duae
317 2542 646 2600 inscriptiones,
689 2540 877 2584 eiusdem
914 2549 962 2584 ut
1003 2540 1170 2584 videtur
1201 2541 1391 2601 Hedyli,
1427 2559 1538 2603 quae

70 2622 180 2667 hanc
219 2623 263 2666 in
308 2621 567 2681 Anthologia
605 2622 861 2683 Meleagrica
894 2622 1246 2681 subsequuntur,
1298 2623 1410 2682 apud
1457 2624 1535 2669 Ce-

69 2703 237 2764 phalum
266 2704 316 2746 V.
353 2705 457 2747 200.

189 2789 239 2828 ‘O
275 2784 437 2838 κρόκος,
471 2782 513 2827 οἵ
538 2802 583 2827 τε
619 2785 847 2838 μύροισιν
879 2783 939 2827 ἔτι
967 2785 1171 2833 πνείοντες
1201 2784 1397 2835 Ἀλεξοῦς

311 2865 382 2907 σὺν
410 2865 575 2918 μίτραις
611 2870 750 2908 κισσοῦ
786 2864 942 2908 κυάνεοι
973 2866 1169 2919 στέφανοι
