1794 3412
656 274 894 313 —63—

289 405 358 445 τοῦ
392 402 534 443 λοιποῦ
565 405 689 453 γῆρυν
722 399 911 450 σώματος
944 395 1055 444 ἐντὸς
1083 393 1188 449 ἔχει.

171 483 304 537 αὐτὰρ
338 482 362 526 ὅ
384 499 435 534 ’γε
464 481 673 535 στέρνων
705 482 897 534 κεφαλῆς
928 479 968 521 τ’
995 474 1096 530 ἄτερ
1128 475 1270 529 ἥμενος
1299 471 1406 530 αὐδᾷ

290 562 405 618 ὕβριν
437 561 677 615 Καμβύσεω
709 559 852 615 μητέρι
884 556 1180 614 μεμφόμενος·

169 643 254 689 εὖτ’
286 643 338 687 ἂν
369 643 404 687 δ’
433 643 563 694 ἠέλιος
594 641 758 697 Φαέθων
783 642 958 690 ἀκτῖνας
989 639 1168 696 ἀνίσχῃ,

290 723 400 780 ἦμαρ
431 724 622 776 σημαίνει
653 728 737 772 τοῖς
766 725 961 776 παρεοῦσι
987 721 1163 775 βροτοῖς.

55 806 137 853 Ubi
171 821 230 854 vs.
257 810 283 850 3
316 807 359 849 in
386 807 477 864 ipso
515 805 678 848 colosso
706 802 892 862 legitur:
930 801 1158 851 'Ao-rnvo'q,
1194 798 1310 860 quod
1347 800 1513 843 correxi

52 896 99 931 ut
137 888 276 946 potui.
340 886 505 930 Nomen
545 884 660 927 enim
697 883 902 927 Hastilius
937 880 1043 924 mihi
1083 880 1258 924 aliunde
1287 881 1510 940 ignotum,

50 967 118 1012 sed
151 967 304 1010 ductus
347 970 665 1008 ΛΣΤΕΙΛῙΟΣ
702 963 894 1022 proxime
935 960 987 1004 ad
1029 960 1241 1019 vulgatam
1280 960 1509 1004 accedunt.

53 1048 194 1092 Litera
223 1051 265 1090 N
291 1045 400 1089 male
429 1044 642 1103 descripta
670 1042 782 1086 haud
808 1042 939 1087 dubie
969 1050 1030 1086 est
1057 1048 1146 1091 AI,
1180 1049 1224 1086 et
1242 1046 1300 1086 EI
1332 1040 1511 1085 coaluis-

49 1143 90 1172 se
124 1126 290 1170 videtur
317 1127 360 1168 in
388 1131 438 1168 H.
488 1125 711 1170 contrario
739 1139 883 1168 erroro
910 1124 953 1167 in
985 1138 1043 1168 vs.
1066 1126 1091 1166 4
1125 1123 1346 1182 legebatur
1372 1121 1508 1177 ζώειν,

51 1209 162 1270 quod
209 1211 251 1252 in
296 1207 399 1261 ζωήν
440 1207 621 1251 mutavi.
685 1206 759 1251 Vs.
791 1210 815 1248 5
862 1206 1121 1249 Letronnius
1175 1220 1224 1248 ox
1261 1202 1509 1264 apographo

48 1290 208 1335 edidit:
244 1287 389 1332 πολλοὶ
422 1286 518 1340 ἅμα,
547 1288 792 1341 στείχουσι,
829 1286 944 1346 quod
989 1285 1228 1330 emendavi.
1293 1285 1422 1330 Multi
1461 1299 1510 1329 ex

49 1372 249 1416 inferiore
297 1372 491 1428 Aegypto
532 1370 576 1413 in
625 1370 888 1429 superiorem
929 1378 1094 1428 partem
1147 1368 1302 1412 colossi
1345 1366 1512 1411 visendi

53 1454 185 1512 gratia
227 1454 309 1495 iter
354 1451 492 1494 facero
530 1450 749 1495 dicuntur.
813 1450 885 1496 Vs.
913 1453 936 1494 7
983 1451 1122 1510 lapis:
1165 1449 1358 1499 στείνων,
1394 1447 1511 1508 quod

52 1534 320 1576 emendatum
343 1531 506 1575 Cobeto
539 1531 759 1575 debemus.
796 1533 850 1575 Et
878 1547 1012 1590 quum
1049 1533 1234 1583 ἐλεγεῖον
1267 1538 1512 1574 constanter

52 1614 103 1657 de
146 1612 498 1671 inscriptionibus
541 1611 702 1654 dictum
761 1612 844 1661 sit,
893 1612 1036 1655 nescio
1074 1627 1126 1654 an
1180 1611 1518 1670 inscriptionum*

51 1695 228 1738 maxime
255 1701 379 1752 poeta
407 1691 574 1734 dicatur
600 1690 830 1735 Mnasalcas
857 1692 876 1734 ὂ
908 1690 1181 1743 ἐλεγειοποιός
1215 1690 1513 1736 Theudoridae

53 1776 104 1818 A.
130 1774 176 1818 Ρ.
205 1773 342 1823 XIII,
370 1775 443 1815 21.
466 1774 508 1816 2.
545 1780 586 1815 et
619 1771 808 1815 Boethus
839 1773 857 1814 ὅ
885 1771 1212 1827 ἐλεγειογροὶφος
1242 1773 1286 1815 in
1314 1772 1515 1817 lemmate

52 1854 335 1914 Anthologiae
382 1853 575 1913 Philippi
609 1854 660 1897 A.
694 1854 741 1897 Ρ.
770 1854 832 1897 IX
855 1886 866 1905 ,
900 1857 1004 1898 248.
1066 1855 1182 1898 lutor
1225 1855 1399 1898 Latinos
1432 1854 1515 1898 Ga-

50 1935 180 1978 tullus
209 1943 252 1979 et
283 1934 489 1979 Martialis
513 1934 698 1993 plurima
729 1935 1034 1994 epigrammata
1061 1937 1323 1995 scripserunt
1350 1934 1515 1980 hende-

52 2016 272 2074 casyllabis
302 2024 344 2060 et
372 2016 524 2059 iambis
559 2015 751 2067 claudis,
787 2017 941 2060 Graeci
970 2032 1071 2060 vero
1108 2018 1247 2061 multo
1273 2018 1479 2078 pauciora
1498 2050 1511 2070 ,

53 2111 190 2155 neque
215 2097 349 2140 multa
378 2096 528 2140 iambis
558 2097 676 2155 puris
695 2129 706 2148 ,
741 2105 788 2139 ut
819 2098 861 2140 in
892 2098 1245 2156 inscriptionibus
1275 2098 1328 2141 ab
1355 2098 1518 2157 elegia·-

53 2177 112 2219 cis
149 2178 334 2220 numeris
375 2177 464 2220 fere
496 2191 581 2219 non
626 2177 849 2219 recessisse
876 2176 1100 2221 videantur
1127 2179 1212 2222 nisi
1245 2179 1320 2222 ubi
1352 2187 1515 2223 statuae

54 2257 163 2300 basis
194 2265 265 2299 aut
295 2256 402 2314 lapis
439 2271 517 2314 pro
544 2254 612 2298 his
635 2258 851 2315 angustior
878 2266 1004 2302 esset.
1069 2259 1192 2315 Quod
1218 2259 1378 2303 factum
1407 2268 1516 2320 puto

54 2338 95 2379 in
127 2335 350 2379 Phaedimi
380 2335 682 2393 epigrammate
710 2336 841 2382 AAP.
873 2337 978 2381 XIII
999 2372 1010 2391 ,
1046 2341 1088 2383 2.

172 2415 487 2469 Καλλίστρατός
520 2431 579 2458 σοι
598 2449 610 2464 ,
648 2416 771 2465 Ζηνὸς
803 2414 831 2459 ὦ
862 2416 1075 2473 διάκτορε,

174 2496 288 2546 ἔθηκε
319 2499 479 2550 μορφῆς
511 2494 652 2545 ξυνὸν
684 2496 820 2547 ἥλικος
851 2496 1007 2548 τύπον,

172 2577 397 2633 Κηφισιεὺς
425 2578 443 2619 ὅ
476 2580 637 2632 κοῦρος·
670 2574 699 2631 ᾦ
730 2577 875 2632 χαρεὶς
901 2578 1011 2630 ἄναξ

171 2658 474 2711 Ἀπολλοδώρου
501 2658 635 2702 παῖδα
665 2658 735 2701 κοιὶ
767 2657 931 2713 πάτραν
962 2660 1063 2704 σάω.

56 2738 103 2782 In
151 2740 268 2782 cuius
309 2755 367 2784 vs.
397 2741 427 2784 2
469 2740 837 2798 corruptissimum
878 2750 942 2784 est
979 2740 1095 2791 ξυνόν
1122 2765 1183 2774 -—
1206 2742 1361 2792 τύπον,
1398 2744 1512 2803 quod

58 2818 269 2862 Iacobsius
313 2819 364 2863 ad
400 2819 534 2864 Anth.
570 2820 644 2863 Gr.
680 2829 712 2864 t.
742 2819 824 2863 vll
847 2854 857 2870 ,
891 2836 935 2878 p.
976 2823 1057 2864 187
1107 2823 1409 2881 interpretatus
1453 2835 1514 2870 est

59 2899 237 2956 speciem
268 2903 438 2959 utrique
467 2910 507 2944 et
539 2901 618 2945 deo
648 2901 862 2945 Mercurio
893 2910 932 2944 et
962 2902 1202 2947 Callistrato
1228 2906 1369 2949 iuveni
1398 2921 1513 2951 com-¹
