1794 3412
653 211 949 253 ‘--345-

130 363 135 366 —
208 347 371 395 perque
400 343 463 379 tot
494 343 670 379 eventus
701 345 743 379 et
774 337 935 396 iniquis
967 335 1136 378 concita
1168 332 1305 378 ventis

325 431 509 476 aequora
541 415 732 460 Palladio
759 416 935 460 numine
966 423 1058 459 tuta
1090 414 1188 460 fuit.

86 497 141 540 Et
168 494 402 541 videndum
433 513 487 541 an
518 498 767 558 fragmentis
799 497 928 541 huius
957 497 1158 540 carminis
1186 500 1467 538 annumerare
1497 491 1553 536 li-

84 584 178 620 ceat
208 578 337 621 etiam
369 576 457 621 duo
489 577 672 622 disticha
703 577 819 638 apud
849 578 1081 637 Bergkium
1113 577 1170 621 fr.
1199 576 1279 621 IV.

201 658 304 701 ἀλλ’
335 656 420 710 ἄγε
451 657 527 702 σὺν
558 659 703 702 κώθωνι
735 659 825 709 θοῆς
851 658 922 702 διὰ
953 657 1154 711 σέλματα
1179 655 1299 707 νηὸς·Α

322 737 456 792 φοίτα
483 737 554 781 καὶ
586 738 731 783 κοίλων
761 740 931 792 πώματ’
962 735 1297 794 &means-zozzen

200 814 323 871 ἄγρει
350 817 386 861 δ’
418 816 518 862 οἶνον
545 819 698 874 ἐρυθρὸν
726 819 813 862 ἀπὸ
844 818 993 873 τρυγὸς
1014 832 1026 843 ·
1056 817 1145 861 οὐδὲ
1174 817 1261 872 γὰρ
1290 817 1410 869 ἡμεῖς

324 898 468 952 νήφειν
496 898 539 940 ἐν
565 901 741 954 φυλακῇ
771 898 870 954 τῇδε
899 896 1179 950 δυνησόμεθα,

81 990 104 1018 a
142 974 302 1034 quibus
342 991 474 1035 parvo
516 977 654 1035 spatio
698 977 924 1021 interiecto
962 977 1151 1020 seiuncta
1191 975 1320 1020 fuisse
1369 981 1554 1035 quatuor

82 1055 317 1100 hexametri
342 1057 469 1100 verba

689 1137 774 1190 διὲξ
803 1143 983 1189 σωλῆνος
1015 1139 1057 1188 ἐς
1088 1135 1228 1190 ἄγγος
1253 1143 1267 1178 ,ἴ

79 1217 250 1260 monuit
286 1216 565 1276 Spitznerus,
600 1235 640 1264 v.
674 1219 731 1263 fr.
759 1221 862 1262 154.
898 1218 1057 1276 Bergk.
1119 1217 1272 1261 Putem
1305 1216 1417 1260 enim
1449 1230 1553 1259 nau·

82 1305 143 1339 tas
181 1297 319 1340 ventis
359 1298 562 1357 gravibus
598 1297 761 1342 obortis
792 1306 835 1342 et
873 1298 958 1341 iam
998 1296 1201 1340 membris
1241 1311 1352 1356 aqua
1388 1296 1553 1340 marina

80 1375 268 1420 madidis
295 1386 339 1421 et
371 1379 529 1437 frigore
570 1369 854 1439 trementibus
880 1379 1062 1423 rectoris
1089 1379 1207 1421 iussu
1240 1378 1341 1421 vino
1368 1377 1552 1422 refectos

78 1456 208 1502 fuisse
226 1491 239 1511 ,
274 1473 362 1518 quo
391 1459 504 1503 vires
536 1460 727 1519 corporis
754 1459 969 1504 exhaustis
1000 1458 1287 1517 adderentur.,
1306 1503 1316 1505 ⁴

77 1537 171 1582 Illis
215 1546 357 1582 autem
401 1553 511 1598 quae
555 1538 608 1583 de
654 1538 921 1583 Archilocho
964 1540 1118 1599 scripsi
1157 1538 1376 1599 Philolog.
1418 1539 1551 1583 1850.

0 1644 2 1650 >
78 1634 125 1679 p.
157 1622 244 1664 482
276 1619 382 1665 haee
411 1634 528 1664 nunc
565 1619 761 1665 addenda
788 1620 945 1666 habeo.
1009 1621 1074 1665 De
1098 1620 1156 1667 fr.
1182 1621 1258 1667 51.

894 1700 935 1745 ἓν
959 1700 996 1744 δ’
1028 1700 1264 1754 ἐπίσταμαι
1292 1699 1438 1753 μέγα,

195 1781 267 1826 τὸν
296 1784 458 1831 κακῶς
488 1798 544 1827 τι,
568 1781 723 1836 δρῶντα
753 1781 895 1832 δεινοῖς
925 1781 1265 1839 dvroeuslssacom
1290 1786 1434 1831 κακοῖς
1451 1805 1484 1831 ,-
1530 1796 1556 1826 ἶζ

78 1863 279 1907 annotavi
323 1861 519 1923 vulgatae
571 1864 827 1907 sententiam
874 1878 964 1907 esse
1008 1862 1118 1906 hanc
1136 1879 1150 1906 ε
1200 1862 1422 1907 hominem
1471 1861 1555 1921 qui

78 1942 329 1988 mandatum
360 1959 447 1987 non
485 1943 595 1988 bene
631 1943 802 2002 perficit
831 1958 973 2002 neque
1012 1943 1232 2002 negotium
1276 1950 1395 1987 reete
1430 1943 1553 2002 agit,

75 2024 193 2083 gravi
220 2039 358 2084 poena
383 2023 542 2070 afficio.
609 2023 763 2068 Poetae
791 2038 891 2067 vero
916 2031 1106 2068 mentem
1138 2023 1294 2068 fuisse:
1327 2023 1554 2068 inimicum

79 2104 157 2163 qui
190 2104 235 2147 in
263 2119 332 2147 me
360 2102 472 2147 male
498 2103 616 2161 agit,
650 2101 866 2158 vindictae
890 2102 1035 2148 studio
1073 2103 1197 2147 malis
1223 2103 1381 2149 afficio.⁴
1433 2102 1552 2149 Cor-

75 2183 261 2230 rectioui
286 2197 387 2226 vero
416 2196 544 2242 quam
562 2182 800 2242 proposui:
831 2182 1054 2232 ’τὸν-κακῶς
1079 2199 1139 2236 με,
1163 2183 1553 2243 δρῶντα-,Ῥηοΐο-

77 2263 257 2309 rendum
290 2264 503 2307 existimat
540 2262 924 2308 Schneidewinus:
956 2264 1027 2308 τὸν
1052 2264 1246 2308 xxxmo-ri.
1267 2263 1438 2319 δρῶντα.
1495 2265 1557 2308 Ε·Δ

78 2343 254 2405 quidem
286 2343 398 2391 illud
428 2352 582 2396 teneo,
618 2359 751 2404 quum
781 2360 1018 2404 pronomen
1051 2343 1377 2405 personalethio
1411 2344 1552 2390 omitti

77 2441 162 2470 non
191 2439 312 2484 posse
348 2423 559 2468 videatur.
625 2425 675 2468 In
708 2425 762 2470 fr.
790 2426 862 2470 63.

196 2508 266 2548 νῦν
292 2504 336 2548 δὲ
362 2505 581 2561 Λεώφιλος
607 2505 685 2558 μὲν
710 2503 863 2560 ἄρχει,
896 2505 1114 2562 Λεῶφιλος
1136 2504 1171 2549 δ’
1198 2505 1439 2560 ἐπικρατεῖ,

197 2585 405 2642 Λεωφίλῳ
431 2587 473 2630 δὲ
504 2585 630 2630 πάντ’
661 2587 825 2630 ἀνεῖται
841 2621 855 2637 ,
887 2586 1110 2643 Λεωφίλου
1141 2586 1176 2631 δ’
1203 2585 1403 2630 ἀκούεται
1420 2619 1434 2637 ,

22 2687 23 2690 “
79 2667 253 2726 Bergkii
278 2667 526 2711 coniectura
556 2666 636 2710 hac
672 2668 855 2711 maxime
888 2667 942 2712 de
967 2683 1091 2712 eausa
1123 2666 1407 2728 improbanda
1435 2666 1554 2715 videi

79 2756 167 2794 tur.
231 2748 433 2793 Dativum
473 2763 628 2808 nempe
662 2748 716 2791 ab
758 2747 842 2791 hoc
879 2748 974 2792 loco
1005 2748 1194 2793 alienum
1231 2763 1353 2800 esse,
1387 2748 1552 2807 requiri

78 2843 178 2873 vero
204 2830 441 2889 genitivum
467 2836 585 2888 patet
614 2844 659 2872 ex
690 2827 926 2873 Herodiani
952 2829 1092 2894 verbis
1118 2828 1210 2884 περὶ
1235 2845 1372 2884 axam.
1405 2845 1452 2890 p.
1477 2831 1551 2874 57.
