1794 3412
935 291 1168 331 ..ῃ-

339 412 528 454 convivio
572 425 616 452 ex
661 417 848 467 tempore
880 410 1052 461 iecisse,
1095 420 1141 454 ut
1180 412 1406 455 Diotimum
1448 412 1624 455 obscuro
1665 412 1757 454 loco

336 490 532 533 latentem
557 489 767 546 Antigono
794 489 882 546 regi
909 490 1235 533 commendaret.
1299 489 1446 547 Neque
1474 505 1536 533 res
1568 498 1682 532 certa
1705 490 1756 533 de

338 567 520 611 disticho
557 565 669 624 apud
710 565 866 612 Athen.
891 567 956 618 X,
991 570 1075 610 442
1108 567 1161 612 D.
1221 567 1414 619 Πολέμων
1443 567 1484 611 δὲ
1514 569 1554 611 ἕν
1583 570 1640 623 τῷ
1670 568 1758 621 περὶ

337 649 413 687 τῶν
444 645 556 687 κατά
585 644 724 693 πόλεις
749 643 1078 698 ἐπιγραμμάτων
1108 645 1197 699 περὶ
1229 647 1394 690 Ἠλείων
1425 646 1556 698 λέγων
1585 648 1758 701 παρατί-

338 724 448 766 θεται
472 722 562 766 τόδε
592 723 638 765 τὸ
669 723 945 778 ἐπίγραμμα·

449 800 575 851 ἦἮλις
605 801 674 844 καὶ
705 802 842 854 μεθύει
869 803 938 846 καὶ
964 780 1160 856 ψεύὲεται
1174 817 1184 827 ·
1216 799 1292 851 οἷος
1316 801 1489 847 ἑκάστου

572 877 675 929 οἶκος
692 913 704 929 ,
736 881 822 930 τοίη
852 881 899 931 δῆ
930 881 998 925 καὶ
1028 879 1251 931 &uvaia-acm
1274 880 1409 929 πόλις.

339 957 461 1015 Quod
487 973 730 1019 comparare
758 959 889 1017 possis
917 973 1014 1002 cum
1046 959 1126 1018 Ep.
1159 959 1212 1004 A.
1236 959 1283 1004 Ρ.
1311 959 1369 1002 ΧΙ
1390 990 1402 1010 ,
1436 962 1520 1002 235
1540 991 1552 1012 ,
1585 961 1686 1005 236.
1721 968 1761 1002 et
1792 961 1794 967 ’

336 1039 451 1098 App.
483 1038 564 1096 Ep.
597 1040 697 1083 132.

457 1116 660 1165 Ἀσπίδα,
692 1119 863 1170 φρῦνον,
895 1115 988 1173 ὅφιν
1011 1116 1078 1158 καὶ
1106 1114 1311 1165 Λαδικέας
1335 1116 1586 1170 περίφευγε,

577 1195 645 1237 καὶ
678 1194 780 1239 κύνα
808 1196 1014 1245 λύσσης-ὴν
1043 1194 1111 1239 καὶ
1142 1194 1248 1238 πάλι
1277 1193 1498 1244 Λαδικέας.

339 1272 423 1318 Sed
446 1287 529 1316 non
557 1287 809 1331 magnopere
834 1273 1001 1317 obnitar
1025 1274 1059 1316 si
1092 1274 1187 1332 quis
1215 1273 1318 1317 haec
1341 1278 1515 1333 propter
1540 1288 1762 1332 argumen-

339 1361 430 1396 tum
458 1351 660 1394 librorum
694 1351 929 1395 Polemonis
962 1367 1011 1395 ex
1041 1352 1195 1410 quibus
1221 1351 1348 1396 ducta
1383 1360 1509 1403 sunt,
1539 1367 1589 1396 ex
1627 1351 1765 1410 lapide

339 1430 548 1489 descripta
586 1429 742 1474 habere
782 1430 932 1481 malit,
963 1439 1012 1473 ut
1051 1446 1099 1474 ea
1128 1438 1292 1475 tantum
1330 1430 1614 1489 inscriptionis
1647 1439 1766 1489 parte

339 1511 424 1553 sive
452 1508 658 1567 particula
684 1521 781 1550 usus
805 1509 859 1551 sit
885 1507 1152 1562 Athenaeus,
1185 1523 1269 1567 qua
1295 1508 1494 1553 Eleorum
1523 1523 1658 1551 mores
1688 1523 1764 1552 no-

339 1588 567 1639 tabantur,
608 1585 770 1644 reliqua
797 1586 1002 1631 omiserit.
1063 1587 1118 1630 Et
1152 1587 1294 1646 potuit
1328 1587 1378 1630 iis
1415 1587 1459 1630 in
1497 1586 1767 1645 inscriptione

339 1683 423 1711 non
457 1667 596 1709 minus
632 1671 758 1723 aptus
780 1679 868 1708 esse
907 1663 1023 1707 locus
1051 1678 1177 1723 quam
1206 1663 1273 1708 his
1310 1664 1520 1710 Leonidae
1553 1664 1764 1719 versibus,

341 1747 393 1791 A.
427 1745 476 1790 Ρ.
505 1744 619 1795 Vn,
651 1745 755 1788 654.

461 1820 549 1867 Ate}
581 1821 748 1872 ληϊσταὶ
780 1821 849 1864 καὶ
876 1820 1083 1876 άλιφθόροι
1113 1820 1201 1865 οὐδὲ
1223 1820 1365 1865 δίκαιοι
1399 1828 1401 1830 ’

578 1905 729 1954 Κρῆτες
744 1912 755 1924 ’
786 1899 850 1947 τίς
880 1903 1040 1953 Κρητῶν
1068 1896 1149 1943 οἶδε
1178 1899 1457 1951 δικαιοσύνηνς

342 1980 404 2025 cl.
434 1979 496 2025 ib.
523 1981 626 2022 275.
663 1982 706 2024 5.
767 1978 832 2021 Ita
872 1992 1001 2021 unum
1043 1977 1253 2021 distichon
1291 1979 1600 2038 epigrammatis
1637 1996 1769 2040 appo-

342 2059 428 2101 suit
459 2056 701 2102 Athenaeus
743 2057 894 2099 iterum
920 2056 1002 2100 XII
1021 2089 1035 2109 ,
1069 2059 1154 2100 544
1185 2058 1238 2102 A.
1296 2056 1520 2111 Παρράσιος
1555 2058 1768 2114 ἐπέγραψε

341 2138 397 2191 τῷ
427 2137 591 2180 πίνακι·

461 2212 536 2264 οἷος
568 2214 602 2257 δ’
628 2212 807 2266 ἐννύχιος
833 2210 1069 2266 φαντάζετο
1091 2212 1273 2256 πολλάκι
1297 2216 1448 2268 <pomam

577 2292 790 2346 Παρρασίῳ
819 2290 869 2333 δι’
899 2288 1021 2334 ὕπνου
1038 2323 1050 2339 ,
1083 2296 1186 2340 τοῖος
1211 2290 1269 2335 ὅδ’
1299 2291 1408 2336 ἐστὶν
1433 2293 1555 2347 ὁρᾶν,

347 2381 393 2416 ut
431 2371 635 2431 particula
674 2372 715 2413 in
757 2369 879 2412 initio
907 2367 1108 2413 collocata
1139 2369 1279 2416 docet.
1341 2372 1397 2415 Et
1437 2386 1566 2415 unum
1607 2380 1771 2418 tantum

344 2460 488 2511 putem
521 2464 607 2492 esse
653 2463 816 2492 versum
856 2448 1053 2492 carminis
1083 2449 1273 2508 Pompeii
1317 2449 1509 2508 sepulcro
1545 2451 1768 2512 inscripti,

346 2528 459 2589 quod
503 2528 754 2581 ἐπίγραμμα
784 2526 887 2569 dicit
927 2525 1142 2584 Appianus
1178 2527 1230 2570 de
1265 2527 1315 2571 B.
1343 2527 1391 2572 G.
1425 2528 1498 2580 11,
1531 2532 1604 2575 86.
1650 2538 1679 2575 t.
1705 2530 1768 2575 ΙΙ.

345 2626 390 2668 p.
417 2609 520 2650 293.
553 2606 599 2648 τὸ
626 2605 667 2648 δὲ
691 2605 828 2648 λοιπὸν
854 2604 975 2657 σῶμά
1001 2621 1064 2655 τις
1091 2605 1240 2658 ἔθαψεν
1267 2606 1333 2648 ἐπὶ
1358 2612 1430 2656 τῆς
1453 2607 1574 2656 ἠϊόνος
1599 2607 1666 2650 καὶ
1691 2608 1766 2651 τά-

344 2691 421 2741 φον
448 2687 604 2738 ἤγειρεν
634 2684 780 2735 εὐτελῆ
798 2698 807 2709 ·
840 2683 908 2727 καὶ
941 2684 1190 2739 ἐπίγραμμα
1214 2683 1342 2733 ἄλλος
1368 2685 1604 2738 ἐπέγραψε·

466 2767 521 2818 τῷ
552 2768 659 2812 ναοῖς
685 2763 856 2816 βρίθοντι
889 2762 992 2812 πόση
1023 2763 1169 2812 σπάνις
1197 2762 1345 2807 ἔπλετο
1371 2765 1532 2816 τύμβου
1549 2798 1559 2814 ,

353 2844 461 2902 apud
495 2842 720 2902 Cephalam
763 2844 869 2887 inter
907 2841 1210 2891 Ἐπιδεικτικά,
1247 2843 1298 2887 Δ,
1331 2844 1376 2887 Ρ.
1406 2844 1490 2896 ΙΧ,
1529 2847 1624 2887 402.
1652 2877 1659 2894 ,
1694 2859 1771 2887 nec
