1794 3412
917 294 1150 337 ...34—

328 419 499 474 Σικελῖᾳ
530 417 725 471 τυράννων
759 418 932 459 inseruit
961 418 1136 460 Phanias
1179 418 1371 470 Emsius,
1406 432 1444 461 v.
1482 417 1636 462 Athen.
1666 412 1754 467 VI,

328 501 400 542 21.
418 531 430 549 ‚
463 497 641 540 alterum
667 495 841 538 heroico
864 502 1000 538 metro
1027 497 1277 554 inscriptum
1306 494 1488 554 tripodi,
1512 510 1638 554 quem
1654 494 1759 538 Dio-

328 576 468 619 medes
490 575 722 634 praemium
754 575 898 617 tulisse
926 575 1060 617 fertur
1083 575 1125 617 in
1153 573 1262 617 ludis
1281 574 1462 617 Patrocli
1485 573 1760 625 funebribus,

326 671 373 713 p.
402 655 489 697 232
522 654 572 698 C.
608 653 658 696 A.
687 653 734 696 P.
765 651 822 695 Vl
843 685 853 701 ‚
888 654 958 695 49.
1002 653 1060 695 ita
1087 661 1378 712 comparatum
1419 668 1532 706 esse,
1562 662 1611 697 ut
1642 652 1761 696 nullo

329 734 478 779 idoneo
505 739 753 789 argumento
779 730 886 773 iliud
911 731 1200 790 antiquissimo
1222 739 1371 790 poetae
1394 731 1635 776 abiudicare
1663 745 1761 790 pos·-

326 814 381 854 sis
400 845 411 863 ,
443 811 622 855 alterum
651 825 750 854 vero
777 810 976 869 elegiacis
995 811 1187 854 versibus
1219 811 1398 868 ligatum.
1423 811 1598 870 singulis
1623 811 1760 854 verbis

326 891 601 934 recentiorem
630 898 810 933 aetatem
837 889 1046 948 prodere:

446 968 613 1017 Θοὶησαί
642 971 689 1020 μ’
710 982 720 993 ·
752 968 863 1012 ἐτεὸν
887 968 972 1021 γὰρ
998 968 1040 1011 ἐν
1063 969 1183 1012 Ἰλίου
1206 968 1316 1023 εὐρέϊ
1341 969 1484 1023 πύργῳ

563 1046 608 1098 ἦν
638 1045 705 1090 ὅτε
733 1047 972 1101 καλλικόμῳ
1002 1047 1230 1101 μαρνάμεθ’
1260 1049 1375 1103 ἄμφ’
1404 1048 1571 1104 Ἑλένῃ·

447 1128 519 1170 καί
543 1130 589 1178 μ’
616 1127 890 1180 Ἀντηνορίδης
921 1126 1054 1181 ἐφόρει
1081 1128 1218 1181 κρείων
1243 1127 1466 1170 Ἑλικάων·

565 1209 631 1249 νῦν
661 1205 704 1248 δέ
734 1221 788 1257 με
819 1205 1018 1254 Λητοΐδου
1047 1207 1147 1249 θεῖον
1177 1205 1267 1259 ἔχει
1297 1205 1482 1249 δάπεδον.

333 1285 414 1330 Ubi
447 1299 507 1329 vs.
531 1287 559 1328 2
589 1283 772 1328 editores
813 1285 939 1343 vulgo
965 1292 1059 1343 post
1090 1283 1136 1334 ἦν
1162 1284 1349 1328 incidere
1377 1291 1586 1327 commate
1617 1282 1765 1335 video,

330 1363 411 1406 hoc
439 1371 487 1406 ut
509 1363 713 1422 suspicari
753 1362 854 1406 licet
883 1376 1030 1407 sensu:
1064 1363 1214 1407 Troiae
1241 1379 1353 1407 eram
1396 1378 1526 1422 quum
1555 1361 1630 1405 nos
1661 1363 1767 1406 Tro·

330 1443 415 1485 iani
443 1456 539 1485 cum
583 1442 750 1485 Graecis
790 1440 1100 1485 decertaremus
1130 1441 1182 1486 de
1221 1443 1397 1488 Helena.
1458 1441 1634 1486 Sublata
1666 1455 1766 1484 vero

331 1521 674 1579 interpunctione
702 1535 822 1563 verus
848 1534 990 1563 sensus
1018 1522 1224 1579 emergit:
1260 1521 1472 1580 quondam
1497 1519 1613 1563 enim
1640 1520 1767 1564 etiam

331 1615 422 1643 mea
445 1614 573 1658 opera
601 1599 724 1642 Troia
753 1597 922 1642 defensa
949 1607 1027 1644 est.
1088 1599 1224 1643 Verba
1249 1598 1294 1650 ἦν
1318 1598 1385 1643 ὅτε
1417 1607 1519 1643 noto
1546 1606 1766 1658 poetarum

331 1693 407 1722 usu
449 1679 688 1737 significant
731 1677 863 1728 ποτέ,
902 1679 1041 1730 olim,
1085 1688 1128 1722 et
1163 1679 1216 1722 de
1252 1680 1342 1738 ipso
1383 1679 1570 1738 pugione
1606 1679 1767 1722 dictum

330 1757 604 1812 μαρνάμεθα,
639 1766 687 1801 ut
718 1758 844 1802 Hom.
878 1758 932 1803 11.
960 1759 1091 1811 VIII,
1129 1761 1228 1804 111.
1273 1758 1362 1813 δόρυ
1391 1758 1584 1811 μαίνεται
1615 1759 1657 1801 ἐν
1685 1773 1768 1801 πα-

331 1836 524 1892 λάμῃσιν.
590 1823 732 1881 Unum
775 1845 939 1879 tantum
980 1839 1077 1879 novi
1122 1838 1383 1896 temporibus
1423 1837 1523 1880 belli
1561 1837 1770 1896 Pelopon·

333 1917 489 1959 nosiaci
532 1917 737 1975 scriptum
781 1916 1037 1974 epigramma
1083 1915 1317 1973 sepulcrale
1357 1915 1684 1959 hexametricum
1725 1916 1768 1959 in

334 1996 553 2039 Timonem
582 1995 860 2049 μισάνθρωπον
893 1996 945 2039 A.
965 1995 1130 2047 P.V11,
1156 1998 1257 2039 313.
1275 2029 1286 2047 ‚
1321 1995 1432 2054 quod
1462 2011 1511 2038 ex
1540 1996 1668 2055 cippo
1695 1993 1770 2038 de·

334 2076 536 2132 scriptum
566 2088 654 2118 esse
683 2082 858 2117 testatur
889 2072 1138 2118 Plutarchus
1165 2075 1324 2119 Anton.
1356 2088 1396 2117 c.
1425 2076 1498 2118 70.
1540 2073 1586 2123 ἦν
1614 2074 1650 2117 δ’
1681 2074 1767 2116 ἔπι·

333 2154 649 2209 γεγραμμένον·

454 2232 584 2276 ἐνθάδ’
609 2230 838 2286 ἀπορρήξας
869 2233 1018 2285 ψυχὴν·
1041 2232 1329 2286 βαρυδαίμονα
1355 2235 1520 2284 κεῖμαι,

454 2312 634 2363 τοῦνομα
662 2311 698 2354 δ’
723 2313 768 2355 οὐ
794 2310 1015 2361 πεύσεσθε,
1049 2312 1164 2355 κακοὶ
1195 2310 1238 2354 δὲ
1268 2315 1401 2360 κακῶς
1423 2310 1640 2354 ἀπόλοισθε
1656 2322 1668 2333 ·

337 2392 404 2435 καὶ
435 2395 556 2435 τοῦτο
584 2393 660 2443 μὲν
690 2391 813 2435 αὐτὸν
840 2390 900 2434 ἔτι
933 2390 1063 2446 ζῶντα
1089 2391 1349 2441 πεποιηκέναι
1380 2390 1561 2442 λέγουσι.
1625 2386 1774 2446 Neque

335 2478 442 2530 puto
469 2469 604 2513 multo
636 2469 757 2529 plura
787 2471 1011 2514 monstrari
1042 2484 1179 2529 posse.
1240 2470 1315 2514 His
1349 2478 1489 2514 autem
1523 2483 1606 2511 non
1633 2480 1770 2510 annu-

338 2548 585 2592 merandum
625 2551 881 2609 epigramma
927 2550 969 2592 in
1009 2549 1384 2609 Sardanapallum,
1429 2550 1540 2608 App.
1585 2548 1666 2606 Ep.
1695 2548 1771 2591 97.

338 2644 386 2671 ex
418 2628 576 2671 maiore
608 2626 797 2671 Choerili
822 2629 1006 2672 carmine
1032 2628 1205 2672 ductum
1225 2661 1237 2680 ,
1271 2636 1318 2671 ut
1344 2627 1531 2673 Phoenix
1556 2625 1773 2684 Colopho·

339 2709 434 2751 nius
457 2708 596 2767 primo
623 2706 865 2750 lamborum
894 2707 1003 2751 libro
1027 2707 1200 2752 eandem
1228 2707 1544 2766 inscriptionem
1568 2720 1616 2748 ex
1643 2703 1782 2768 Chal-⁶

340 2788 456 2830 (laica
486 2787 628 2846 lingua
656 2801 895 2830 conversam
926 2787 1113 2831 versibus
1144 2785 1332 2830 ornatius
1366 2784 1533 2829 extulit.
1596 2783 1716 2840 Quod
1748 2798 1771 2826 a

343 2866 541 2917 Choerilo
581 2881 750 2926 quoque
787 2867 942 2911 sactum
990 2882 1076 2911 esse
1107 2873 1283 2911 testatur
1326 2867 1525 2922 Amyntas
1568 2862 1772 2909 Athenaei
