1794 3412
893 224 1156 264 —106—

426 347 481 400 τῷ
508 345 690 397 γλυκερῷ
724 343 791 386 καὶ
820 344 918 392 θῆλυ
945 346 1271 387 κατιλλώπτοντι
1303 347 1464 401 Πριήπῳ

543 427 696 466 κεῖνται
722 428 795 472 τῆς
827 424 930 475 ἱερῆς
956 422 1084 472 ξείνια
1110 423 1354 476 παννυχίδος
1375 457 1386 474 ,
1787 479 1789 484 Ι

312 506 354 546 in
398 504 516 546 cuius
548 504 653 546 vs.l
690 501 856 543 scribo:
902 501 1068 554 μύροιο,
1103 501 1266 546 hiatum
1306 503 1358 544 ab
1393 503 1484 547 aliis
1525 505 1742 549 commoda
1786 502 1790 549 ἰ

312 580 599 624 emendatione
626 579 836 621 sublatum
868 580 919 622 iri
949 595 1132 637 sperans,
1194 581 1242 623 In
1281 595 1320 625 c.
1349 584 1449 625 201.

428 658 687 712 Ἠγρύπνησε
718 657 886 705 Λεοντὶς
918 656 990 706 ἕως
1022 659 1118 712 πρὸς
1146 660 1270 702 καλὸν
1302 660 1391 713 ἑῷον

542 737 719 790 οέστέρα,
751 738 807 790 τῷ
832 737 990 791 χρυσέῳ
1015 738 1238 791 τερπομένη
1271 739 1444 792 Σθενίῳ,

427 817 471 867 ἧς
497 817 612 871 παρὰ
642 816 809 870 Κύπριδι
840 820 958 859 τοῦτο
988 818 1033 860 τὸ
1061 818 1133 860 σὺν
1164 818 1370 863 Μούσαισι
1401 820 1610 870 μεληθὲν

542 894 742 949 βάρβιτον
773 896 818 938 ἐκ
845 895 975 944 κείνης
1002 898 1104 939 κεῖτ’
1130 896 1190 939 ἔτι
1222 898 1491 950 παννυχίδος,

307 975 514 1032 corrigam
535 992 544 1019 :
579 974 767 1026 μελισθὲν
792 974 991 1028 βάρβιτον
1010 1008 1022 1023 ,
1057 984 1103 1018 ut
1134 976 1314 1029 μελίζειν
1337 978 1519 1019 activum
1543 986 1603 1019 est
1631 978 1740 1035 apud
1792 1001 1794 1003 ·

306 1054 538 1097 Marianum
572 1054 624 1097 A.
653 1054 701 1099 P.
728 1053 814 1105 IX,
850 1055 951 1097 668.
982 1057 1049 1098 11.
1082 1052 1122 1102 ὃς
1149 1055 1189 1096 δὲ
1222 1054 1379 1108 μελίζει
1406 1056 1576 1109 οὲντῳδὸν
1602 1055 1744 1106 τέττιξ

305 1133 548 1188 φθέγματος
580 1133 787 1186 ἁρμονίαν.
851 1133 958 1176 Item
997 1133 1289 1185 Ιοέναθηματικοέ
1320 1144 1416 1177 sunt
1445 1136 1740 1193 epigrammata

308 1213 565 1271 Asclepiadis
597 1228 632 1255 c.
659 1215 746 1255 202
777 1221 819 1255 et
851 1214 936 1255 203
956 1245 968 1264 ,
1004 1213 1155 1256 Poetae
1182 1214 1334 1256 incerti
1366 1229 1403 1257 c.
1434 1216 1532 1257 205.

419 1291 545 1343 ’Ίϋγξ
571 1294 594 1342 ἡ
621 1294 795 1340 Νικοῦς,
830 1293 853 1341 ἦ
882 1291 950 1333 καὶ
978 1291 1205 1334 διαπόντιον
1231 1290 1363 1335 ἕλκειν

544 1370 669 1423 ἄνδρα
694 1371 762 1413 καὶ
791 1371 836 1412 ἐκ
862 1370 1057 1421 θαλάμων
1085 1370 1238 1418 παῖδας
1267 1370 1520 1422 ἐπισταμένη
1540 1404 1550 1419 ,

424 1451 559 1502 χρυσῷ
592 1448 952 1496 ποικίλλουσα,
985 1448 1170 1498 διαυγέας
1197 1447 1244 1497 ἐξ
1272 1448 1503 1500 ἅμεθύστου

541 1527 737 1577 γλυπτη,
771 1526 830 1568 σοὶ
864 1530 996 1568 κεῖται
1029 1525 1159 1580 Κύπρι
1187 1527 1309 1581 φίλον
1336 1527 1526 1576 κτέανον,

424 1604 647 1660 πορφυρέης
679 1605 809 1656 ἀμνοῦ
835 1612 1009 1658 μαλακῇ
1036 1605 1148 1658 τριχὶ
1180 1605 1321 1657 μεσσοὶ
1346 1605 1504 1648 δεθεῖσα

541 1690 614 1734 τῆς
646 1684 898 1737 Λαρισσαίης
930 1683 1058 1733 ξείνια
1083 1684 1355 1738 φαρμακίδος.

305 1765 392 1808 Hos
424 1780 562 1809 versus
593 1780 641 1808 ex
672 1764 847 1808 donario
887 1764 1120 1823 descriptos
1155 1780 1242 1809 esse
1271 1764 1471 1808 docemur
1500 1765 1742 1823 corruptela

305 1847 416 1889 vs.1
465 1843 696 1892 CAKEIN,
747 1845 777 1887 i.
813 1859 852 1888 e.
895 1849 1137 1898 ΕΛΚΕΙΝ,
1192 1843 1306 1902 quod
1354 1843 1514 1886 dudum
1561 1843 1740 1887 editores

303 1931 619 1982 perspexerunt.
692 1921 848 1965 Eadem
887 1921 1106 1964 literarum
1144 1928 1183 1964 Λ
1211 1930 1253 1964 et
1292 1929 1330 1964 A
1366 1923 1613 1966 confusione
1647 1938 1739 1966 cor-

303 2010 452 2060 ruptus
485 2001 651 2044 videtur
693 2015 779 2044 esse
819 2015 880 2044 vs,
913 2004 939 2043 3
980 2000 1053 2043 ubi
1092 2000 1260 2044 ποικίλα
1289 1998 1418 2051 οὖσα,
1450 2001 1562 2058 quod
1604 2003 1646 2044 in
1679 2003 1737 2044 la-

303 2080 403 2140 pide
429 2088 643 2123 exaratum
667 2087 783 2130 erat,
816 2077 1064 2121 mutandum
1095 2080 1138 2121 in
1163 2080 1299 2132 χρυσῷ
1327 2080 1488 2128 ποικίλη
1516 2077 1629 2123 οὖσα.
1680 2081 1738 2125 Ut

301 2161 534 2204 Homerus:
569 2157 742 2212 ἅρματα
772 2157 941 2200 ποικίλα
966 2157 1131 2210 χαλκῷ.
1196 2156 1420 2200 Salmasius
1447 2159 1624 2203 coniecit
1650 2175 1736 2202 ποι-

302 2240 510 2288 κιλθεῒσα,
544 2238 758 2280 Iacobsius
788 2237 1002 2290 χρυσωπὸς
1033 2235 1294 2287 στίλβουσα,
1331 2236 1443 2294 quod
1479 2237 1531 2278 ab
1572 2237 1736 2296 elegan-

302 2320 386 2362 tiae
426 2318 549 2361 laude
594 2315 988 2360 commendandum.
1063 2315 1146 2358 Has
1188 2316 1479 2374 inscriptiones
1524 2317 1737 2374 excipiunt

301 2414 442 2442 versus
482 2397 694 2441 Leonidae
735 2396 951 2439 Tarentini
986 2396 1028 2437 in
1068 2394 1239 2437 donario
1282 2396 1550 2439 meretricum
1587 2397 1737 2438 inscri-

301 2479 392 2536 pti,
427 2476 538 2520 unde
578 2491 646 2519 eos
686 2490 781 2517 cum
823 2474 914 2515 aliis
957 2488 1063 2531 quae
1103 2474 1291 2516 recensui
1331 2474 1639 2532 epigrammatis
1683 2475 1731 2518 ad

301 2555 470 2611 ε’ρωτικοέ
499 2556 645 2599 retulit
677 2553 880 2612 Cephalas
899 2586 909 2603 ‚
943 2567 981 2596 e.
1009 2553 1110 2595 206.

416 2637 546 2684 Μηλὼ
574 2635 641 2677 καὶ
676 2632 839 2685 Σατύρη
868 2632 1164 2681 τανυήλικες
1197 2631 1495 2681 Ἀντιγενείδεω

533 2712 677 2761 παῖδες
695 2746 707 2763 ,
737 2712 805 2754 ταὶ
834 2710 1024 2754 Μουσέων
1051 2710 1204 2753 εὔκολοι
1233 2709 1441 2762 ἐργάτιδες
1460 2743 1470 2758 ,

415 2795 544 2841 Μηλὼ
572 2793 645 2843 μὲν
677 2791 863 2838 Μούσαις
891 2790 1122 2841 Πιμπληΐσι
1156 2789 1248 2837 τοὺς
1281 2795 1617 2842 ταχυχειλεῑς
