1794 3412
900 238 1163 277 -238-

306 355 393 399 Hos
435 371 571 398 versus
614 357 931 414 inscriptionem
974 357 1108 403 habeo
1160 361 1334 404 incisam
1379 362 1543 405 tabulae
1583 362 1742 405 votivae

305 433 479 477 donario
510 449 557 476 ex
586 441 684 477 voto
718 434 917 489 dedicato
941 435 1124 482 additae.
1189 438 1253 481 lta
1287 439 1332 481 in
1373 441 1492 500 aquis
1535 441 1742 498 Pyrmon-

307 512 412 553 tanis
445 511 546 554 olim
588 512 640 554 ad
686 514 851 558 fontem.
879 515 998 558 cuius
1043 517 1277 574 vaporibus
1313 517 1506 562 sulfureis
1544 519 1743 562 sanaban-

304 597 373 631 tur
414 591 574 648 aegroti
607 599 648 635 et
677 592 821 636 claudit
857 601 899 637 et
926 594 1153 652 paralytici
1193 595 1541 654 appendebantur
1571 596 1741 648 baculi,

303 669 455 725 quibus
486 669 758 716 adminiculis
779 672 843 714 usi
874 680 993 716 erant
1019 682 1245 732 antequam
1274 689 1476 733 aquarum
1508 676 1586 734 ope
1611 677 1745 719 sanati

305 747 488 793 fuerant.
565 749 658 803 H'oc
699 750 738 792 si
757 765 919 794 *verum
940 783 950 802 ,
1000 753 1192 810 ineptum
1242 761 1305 796 est
1350 753 1594 797 adverbium
1642 753 1743 797 mv!

301 841 361 874 vs,
389 828 415 870 3
435 857 446 877 ,
482 826 554 870 ubi
592 827 861 872 scribendum
893 829 1209 884 ποθερπύζουσα.
1280 832 1352 875 Vs.
1384 836 1409 874 5
1441 833 1618 876 metrico
1641 832 1744 876 vitio

304 903 464 949 mederi
494 907 635 950 conati
667 915 764 951 sunt
789 907 1132 952 Hemsterhusius
1158 918 1200 952 et
1228 910 1436 968 ToupiuS,
1464 925 1643 968 quorum
1671 910 1745 954 ille

303 982 512 1037 ἐριβρόμου
538 985 750 1038 coniecit,
784 986 992 1044 probante
1018 985 1369 1039 Schneidewino,
1404 987 1474 1032 hic
1513 988 1742 1042 πυριπνὸου.

300 1059 578 1110 Scribendnm
607 1071 696 1109 est:
728 1061 811 1107 αἵτ’
837 1064 1050 1118 δρείνομοι,
1086 1067 1116 1110 i.
1135 1080 1174 1111 e.
1205 1065 1461 1119 ὀρεστιάδες,
1496 1082 1543 1110 ex
1566 1067 1751 1119 Rubriae

304 1140 409 1185 Fab.
443 1144 516 1187 23.
550 1145 591 1187 3.
656 1143 711 1186 Et
746 1143 802 1185 ita
841 1144 970 1187 altera
1007 1145 1247 1188 coniectura
1279 1145 1630 1192 Hemsterhusius.
1692 1146 1743 1190 In

304 1220 389 1262 fine
410 1221 641 1264 sententiae
663 1229 784 1266 tenor
807 1221 989 1265 hiulcus.
1026 1223 1157 1266 Versu
1181 1224 1292 1267 enim
1320 1239 1431 1267 nono
1456 1239 1588 1282 aquae
1617 1225 1744 1268 fontis

302 1298 430 1340 calidi
454 1313 615 1341 sanasse
637 1299 838 1343 dicuntur
854 1300 984 1359 pedes
1007 1301 1195 1353 vetulae,
1227 1302 1502 1360 quamobrem
1532 1302 1745 1362 Nymphis

305 1376 500 1419 baculum
518 1377 629 1421 dono
654 1377 797 1428 dedit,
829 1394 981 1422 munus
1010 1381 1265 1437 gratificata.
1299 1381 1409 1424 Tum
1424 1381 1592 1424 demum
1608 1382 1743 1440 Nym·

302 1455 412 1513 phae
440 1454 551 1498 dono
595 1454 828 1500 delectatae
864 1461 978 1516 quod
1007 1466 1147 1501 sanata
1185 1445 1320 1509 vetule¹
1359 1458 1624 1503 dedicaverat
1653 1475 1743 1504 eam

303 1548 464 1580 sanasse
490 1533 694 1577 dicuntur
723 1535 849 1593 eique
878 1536 1072 1579 tribuisse
1106 1544 1153 1579 ut
1179 1538 1267 1580 sine
1295 1536 1436 1580 baculi
1465 1553 1545 1596 ope
1573 1537 1744 1582 domum
1784 1547 1787 1550 ’

303 1611 439 1659 redire
466 1622 622 1670 posset.
686 1614 797 1657 Huic
822 1614 1088 1658 incommodo
1131 1622 1178 1657 ut
1206 1616 1486 1673 prospiciatur
1507 1649 1517 1666 ,
1551 1617 1743 1660 scriben-

302 1690 401 1736 dum
432 1692 657 1736 existimor

534 1770 739 1826 Νύμφαις
770 1772 805 1815 δ’
831 1771 970 1816 ἔλειπε
1000 1771 1204 1826 βάκτρον,
1237 1770 1320 1816 αἵτ’
1351 1773 1551 1827 ἐπῄνεσαν

538 1848 716 1901 πέμπειν
744 1865 815 1901 μιν
844 1850 1084 1903 οὶστῆρικτον
1101 1883 1112 1898 ,
1147 1851 1350 1900 ἧσθείσαις
1380 1850 1501 1895 δόσει.

362 1925 598 1969 Simonides
630 1940 668 1971 c.
697 1929 798 1970 212.

415 2003 556 2058 Εὔχεό
580 2020 639 2048 τοι
666 2005 813 2058 δώροισι
846 2005 985 2049 Κάτων
1016 2006 1099 2048 θεὸν
1130 2005 1203 2049 ὦδε
1229 2012 1406 2060 χαρῆναι

532 2082 739 2128 Λατοΐδαν
763 2085 918 2138 ἀγορᾶς
945 2083 1193 2139 καλλιχόρου
1224 2085 1444 2139 πρύτανιν,

396 2160 551 2217 ’ὥσπερ
578 2163 655 2207 ὑπὸ
682 2162 817 2214 ξείνων
843 2179 891 2206 τε
923 2163 991 2207 καὶ
1023 2158 1065 2206 02⁴⁴
1090 2163 1240 2214 ναίουσι
1272 2164 1449 2218 Κόρινθον

535 2240 642 2285 αἶνον
672 2240 784 2296 ἔχεις
815 2241 996 2295 χαρίτων
1027 2241 1248 2286 δέσποτα
1277 2247 1380 2291 τοῖς
1412 2243 1645 2298 στεφάνοις.

300 2320 418 2364 Hanc
453 2322 768 2379 inscriptionem
800 2335 823 2363 a
854 2320 1073 2364 Simonide
1106 2320 1361 2372 abiudicavit
1390 2323 1737 2366 etvrecentissimi

298 2399 476 2442 alicuius
518 2408 669 2459 poetae
711 2415 799 2444 esse
849 2413 945 2443 cum
989 2400 1158 2444 Reiskio
1201 2401 1350 2444 statuit
1390 2400 1738 2446 Schneidewinus

297 2494 342 2537 p.
369 2481 472 2524 227.
505 2487 678 2538 propter
699 2493 819 2521 usum
846 2479 954 2521 vocis
979 2478 1160 2523 δέσποτα
1182 2479 1238 2522 ab.
1267 2481 1443 2539 antiquo
1472 2488 1586 2530 certe
1611 2490 1736 2540 poeta

297 2548 499 2603 alienum.
565 2557 686 2614 Quod
718 2566 832 2601 recte
875 2557 1047 2616 quidem
1087 2558 1453 2612 animadversum,
1503 2559 1574 2604 sed
1605 2568 1738 2606 teme-

298 2638 384 2680 rius
418 2637 499 2680 hac
535 2652 618 2680 una
643 2635 695 2680 de
732 2651 853 2680 causa
891 2636 965 2681 hos
996 2651 1136 2681 versus
1169 2637 1378 2682 Simonidi
1413 2637 1734 2685 abiudicaveris.
1782 2695 1792 2700 ἢ

299 2716 353 2759 Et
381 2716 573 2760 ulti-mam
617 2723 780 2760 tantum
814 2717 952 2775 quarti
995 2731 1135 2760 versus
1171 2716 1525 2775 penthemimerin
1565 2717 1616 2760 ab
1654 2718 1735 2761 alia

298 2810 424 2837 manu
468 2794 649 2838 add-itam
691 2803 830 2839 censet
868 2795 1108 2847 Iacobsius,
1154 2797 1227 2853 qui
1262 2796 1303 2838 in
1342 2794 1554 2839 Addendis
1593 2797 1734 2839 conie-
