1794 3412
647 277 917 319 -221—

172 402 349 456 Ἠρίθμει
378 402 508 444 πολὺν
536 399 660 453 ὄλβον
694 399 944 454 Ἀριστείδης
970 400 990 442 ὁ
1020 400 1212 454 πενιχρὸς

286 483 362 532 την
388 481 448 525 ὄϊν
475 484 527 531 ὥς
559 482 756 535 ποίμνην,
789 482 863 532 την
889 480 976 533 βόα
1001 481 1036 524 δ’
1055 482 1108 530 ὥς
1129 478 1306 532 ἀγέλην.

35 550 97 609 ΙῙῐι
129 563 307 606 caeteris
350 562 465 606 nulla
510 563 684 606 varietas
725 562 807 604 nisi
849 560 965 620 quod
1011 559 1224 604 hocloco
1269 575 1329 605 vs,
1359 562 1403 604 5.
1436 574 1514 619 pro

48 644 231 695 πεδήσας
276 652 391 688 recte
424 644 583 702 legitur
623 643 835 695 λυγώσας.
900 642 950 685 In
990 642 1193 700 Meleagri
1230 641 1420 684 carmine
1444 639 1515 693 V,

49 727 151 770 215.
186 724 301 784 quod
336 725 521 768 recurrit
550 722 663 774 XII,
702 724 772 769 19.
806 722 931 781 pueri
960 736 1113 765 nomen
1144 722 1188 765 in
1208 721 1386 781 'puellae
1421 735 1516 764 mu-

35 813 183 848 nitum
216 814 258 849 et
289 821 349 850 vs,
372 809 424 858 ¹5.
462 804 553 847 illic
584 803 716 856 λείψω
743 801 1140 857 φωνην-προϊέντα,
1172 800 1244 852 hic
1267 801 1402 856 λείψω
1427 803 1518 856 φω-

47 888 178 930 νεῦντ’
200 886 268 929 ἐπὶ
296 885 448 939 τύμβῳ
481 885 689 942 scriptum
728 891 808 927 est.
871 883 921 925 In
950 882 1166 930 stratone
1196 881 1296 927 XII.
1340 896 1379 927 c.
1409 875 1523 927 242.'

165 964 298 1020 πρῴην
324 965 399 1014 τὴν
425 963 582 1017 σαύραν
613 960 902 1016 ῥοδοδάκτυλον
924 962 1107 1013 ”Αλκιμ’
1137 960 1337 1013 ἔδειξας,“

286 1047 355 1087 νῦν
381 1044 512 1094 αὐτην
538 1042 611 1094 ἤδη
639 1041 710 1085 καὶ
738 1040 967 1096 ῥοδόπηχυν
995 1039 1110 1095 ἔχεις

49 1125 160 1170 libro
194 1124 421 1169 undecimo
442 1156 454 1176 ‚
489 1138 528 1168 c.
561 1125 634 1167 21.
669 1123 856 1181 legitur:
1176 1184 1178 1186 Ι

163 1204 297 1260 πρῴην
323 1205 396 1254 τὴν
423 1203 580 1258 σαύραν
608 1201 800 1255 Ἀγάθων
829 1201 1120 1257 ῥοδοδάκτυλον
1147 1199 1264 1256 εἶχεν
1290 1203 1380 1246 κτὲ.

50 1286 165 1343 Quae
193 1287 234 1328 in
275 1284 492 1328 nonnullis
521 1284 684 1327 diversa
720 1283 920 1342 leguntur
958 1284 1266 1342 epigrammata
1303 1283 1520 1326 Dioscori-

49 1365 113 1408 dis
134 1365 199 1418 V,
236 1367 292 1408 53
323 1373 366 1408 et
401 1367 502 1410 193.
546 1372 712 1408 tantum
758 1372 1054 1407 correctorum
1095 1371 1370 1422 praepostera
1415 1378 1518 1407 cura

0 1463 2 1466 ·
49 1453 206 1489 temere
237 1445 492 1505 interpolata
522 1453 644 1496 sunt,
680 1458 815 1502 quum
845 1443 1023 1502 pristina
1052 1444 1214 1502 species
1235 1459 1320 1487 non
1353 1443 1517 1488 diversa

50 1524 195 1569 fuerit.
245 1525 439 1568 Fortasse
468 1524 597 1567 etiam
624 1523 822 1566 Palladae
842 1523 1102 1582 epigramma
1134 1525 1189 1569 A.
1217 1524 1264 1569 P.
1297 1523 1355 1568 IX
1374 1558 1385 1577 ,
1419 1527 1517 1568 172.

166 1605 361 1654 Ἐλπίδος
388 1605 476 1649 οὐδὲ
501 1603 653 1658 Τύχης
680 1603 741 1647 ἔτι
773 1619 842 1656 μοι
874 1602 994 1656 μέλει
1022 1603 1104 1647 οὐδ’
1125 1603 1312 1658 ἀλεγίζω

286 1685 428 1728 λοιπὸν
454 1690 529 1735 τῆς
559 1683 733 1734 ἀπάτης
754 1699 764 1709 ·
798 1684 941 1735 ἤλυθον
969 1684 1027 1732 εἰς
1055 1683 1232 1736 λιμένα·

166 1765 250 1820 εἰμὶ
282 1765 407 1815 πένης
433 1763 663 1819 ἄνθρωπος,
697 1765 901 1820 ἐλευθερίη
925 1764 967 1808 δὲ
995 1769 1185 1808 συνοικῶ·

289 1846 486 1900 ὑβριστὴν
510 1845 651 1895 πενίης
676 1848 854 1889 πλοῦτον
877 1844 1200 1900 ἀποστρέφομαι

39 1925 364 1970 emendandum
396 1942 444 1970 ex
476 1941 516 1971 c.
549 1928 622 1970 49.

167 2005 318 2055 Ἐλπὶς
351 2006 421 2050 καὶ
449 2005 500 2049 σὺ
527 2005 655 2059 Τύχη
684 2005 806 2058 μέγα
835 2005 1035 2060 χαίρετε·
1068 2005 1138 2048 τὸν
1159 2004 1296 2058 λιμέν’
1321 2003 1458 2061 εὗρον·

286 2086 397 2130 οὐδὲν
424 2085 514 2139 ἐμοὶ
539 2088 674 2140 χὺμῖν
690 2101 700 2111 ·
734 2085 908 2140 παίζετε
935 2085 1031 2134 τοὺς
1058 2087 1156 2139 μετ’
1181 2085 1273 2139 ε’μέ.

12 2212 21 2221 ‚
52 2167 210 2213 Confer
240 2167 428 2210 eiusdem
473 2168 734 2226 epigramma
765 2167 845 2210 lx.
880 2181 919 2211 c.
956 2169 1057 2212 172.
1121 2167 1185 2210 Ita
1222 2169 1408 2226 primum
1452 2168 1519 2213 di—

49 2246 216 2291 stichon
258 2246 510 2306 aenigmatis
543 2246 672 2297 XIV,
709 2249 782 2289 55.
828 2245 1011 2288 multum
1046 2246 1322 2291 immutatum
1359 2249 1519 2308 legitur

50 2341 90 2375 c.
114 2329 190 2370 29.
224 2334 266 2370 et
295 2326 493 2369 ultimum
521 2325 736 2369 distichon
765 2325 1082 2383 epigrammatis
1115 2325 1332 2371 Leonidae
1357 2329 1519 2374 Taren-

55 2408 134 2451 tini
155 2407 217 2452 IX
239 2440 251 2459 ,
287 2409 360 2450 99.
1206 2414 1212 2417 ’

169 2487 260 2542 ῥίζα
282 2487 367 2542 γὰρ
393 2486 570 2540 ἔμπεδος
596 2484 856 2531 οὖσα-πάλιν
881 2487 1019 2538 γλυκὺ
1047 2486 1196 2542 νέκταρ
1221 2488 1363 2541 ἀνήσει

290 2565 407 2611 ὅσσον
429 2567 671 2611 ἐπισπεῖσαι
693 2567 755 2610 σοὶ
782 2565 915 2621 τράγε
936 2567 1113 2623 ’θυομένῳ

45 2649 196 2693 Eveno
236 2646 519 2691 Ascalonidae
563 2646 774 2690 tributum
820 2647 878 2690 ita
923 2647 1080 2707 legitur
1121 2664 1200 2708 per
1237 2665 1281 2694 se
1322 2659 1518 2696 constans

56 2740 94 2773 c.
125 2731 201 2772 75.

163 2809 253 2860 ’Κῆν
281 2824 337 2861 με
367 2806 514 2863 Φάγης
540 2807 608 2851 ἐπὶ
635 2807 748 2863 ῥίζαν
775 2806 882 2861 ὅμως
916 2807 975 2852 ἔτι
1011 2812 1332 2865 καρποφορῆσαι,

294 2887 411 2932 ὅσσον
443 2889 684 2932 ἐπισπεῖσαι
717 2891 776 2933 σοὶ
811 2889 943 2943 τράγε
975 2891 1162 2946 θυομένῳ.
