1794 3412
940 283 1171 325 -24-

338 405 421 451 Ubi
445 421 521 464 pro
548 405 764 457 παρίστησι
790 404 899 463 apud
934 405 1196 448 Dindorfium
1230 402 1380 460 legitur
1407 404 1680 457 παρατιθέναι.

395 484 545 527 Omnia
576 485 695 525 unius
716 484 986 541 eiusdemque
1013 483 1174 541 generis
1201 482 1496 539 epigrammata
1521 483 1759 526 adscriben-

336 561 387 604 da
415 562 590 619 putavi,
624 570 670 603 ut
697 560 1023 603 demonstrarem
1055 561 1302 618 paucissima
1335 570 1495 603 tantum
1537 561 1661 603 huius
1691 575 1758 602 ar-

333 640 521 697 gumenti
546 640 846 698 epigrammata
876 641 930 682 ab
953 640 1262 698 antiquioribus
1291 641 1446 698 scripta
1471 640 1591 682 nobis
1614 653 1761 698 super-

333 731 446 765 esse,
481 716 592 759 unde
623 717 902 776 probabiliter
927 718 1092 762 efficere
1120 718 1220 762 licet
1247 717 1327 760 hoc
1354 732 1484 776 genus
1511 718 1647 776 poesis
1669 718 1762 776 epi-

330 796 627 853 grammaticae
677 796 942 839 citerioribus
986 795 1153 840 demum
1205 797 1466 855 temporibus
1522 795 1760 841 invaluisse.

330 874 440 917 Sunt
464 883 603 917 autem
647 875 784 918 omnia
823 875 1123 918 contumeliosa
1153 877 1367 934 magisque
1397 876 1577 934 pugnaci
1619 874 1762 918 lambo

330 953 469 995 affinia
500 967 625 1011 quam
657 954 957 1012 epigrammata
1000 954 1280 997 recentiorum
1312 961 1557 1009 poetarum,
1592 952 1634 994 in
1666 953 1761 1010 qui-

330 1031 407 1074 bus
436 1032 575 1075 nullus
611 1033 697 1075 fere
725 1033 838 1075 calor
870 1041 942 1075 aut
970 1033 1031 1076 vis
1069 1033 1283 1084 cernitur,
1317 1032 1446 1075 animi
1478 1031 1574 1074 odio
1605 1029 1670 1074 vel
1697 1030 1764 1072 in-

328 1110 571 1169 dignatione
601 1111 799 1154 concitati
834 1111 1016 1164 indicia,
1060 1112 1222 1169 saepius
1262 1125 1361 1154 vero
1388 1110 1617 1168 aucupium
1647 1107 1763 1151 dele-

329 1190 521 1233 ctationis
543 1189 846 1250 deprehendas.
902 1191 958 1234 Hi
982 1205 1078 1233 sane
1103 1199 1224 1232 acute
1249 1189 1372 1232 dictis
1397 1187 1567 1232 student
1592 1195 1634 1231 et
1656 1187 1762 1230 alio-

329 1283 423 1312 rum
450 1270 724 1328 exagitatores
748 1270 1047 1328 epigrammata
1075 1267 1156 1311 hoc
1183 1267 1359 1311 consilio
1385 1265 1598 1324 scripsisse
1621 1264 1764 1308 viden·

327 1356 397 1391 tur
427 1357 474 1392 ut
503 1348 733 1392 lectoribus
773 1349 954 1391 frontem
983 1348 1262 1399 extricarent,
1296 1361 1379 1390 non
1406 1354 1454 1389 ut
1485 1343 1662 1388 ridendo
1693 1358 1764 1388 ve-

329 1441 424 1471 rum
454 1427 643 1471 dicerent
674 1436 745 1471 aut
774 1428 952 1487 insignia
985 1427 1035 1470 ad
1076 1425 1336 1470 irridendum
1366 1426 1465 1468 vitia
1508 1424 1763 1484 perstringe-

327 1515 450 1558 rent,
485 1507 597 1551 unde
638 1507 778 1550 omnia
815 1508 904 1550 fere
934 1507 977 1549 in
1006 1507 1139 1548 maius
1170 1513 1290 1548 aucta
1321 1512 1364 1548 et
1395 1512 1561 1563 praeter
1590 1502 1763 1546 modum

326 1593 585 1643 exaggerata.
650 1584 812 1639 Quibus
839 1583 934 1627 salis
963 1584 1157 1626 acumine
1184 1592 1226 1626 et
1251 1582 1525 1625 dicteriorum
1556 1581 1764 1640 elegantia

325 1664 508 1708 multum
549 1671 733 1723 praestat
769 1664 879 1707 inter
916 1663 1128 1706 Romanos
1167 1661 1401 1712 Martialis,
1433 1662 1574 1704 sobrio
1599 1661 1642 1704 in
1673 1661 1764 1720 ple-

326 1743 468 1802 risque
506 1742 663 1786 iudicio
695 1757 809 1789 usus.
872 1741 955 1785 Sed
983 1742 1048 1785 vel
1092 1740 1218 1784 huius
1247 1741 1420 1800 paginas
1456 1739 1670 1783 hominem
1690 1756 1765 1783 sa-

323 1838 424 1882 pere
461 1823 540 1881 ipsi
572 1822 797 1866 affirmanti
827 1836 909 1864 non
943 1820 1192 1864 crediderim
1225 1835 1362 1879 neque
1387 1834 1484 1863 vero
1514 1835 1678 1863 omnem
1709 1819 1763 1863 fi-

324 1901 419 1945 dem
449 1900 707 1959 denegarim.
770 1899 854 1945 Sed
886 1900 939 1942 ab
972 1900 1279 1959 epigrammatis
1324 1899 1526 1946 Martialis
1566 1915 1614 1943 ea
1656 1914 1763 1959 quae

325 1979 451 2023 modo
485 1979 830 2039 perlustravimus
862 1978 914 2021 ab
947 1978 1257 2036 antiquioribus
1295 1977 1462 2021 Graecis
1501 1979 1658 2037 scripta
1694 1978 1762 2021 di-

324 2069 434 2103 stant
477 2058 623 2102 eodem
666 2058 754 2101 fere
793 2057 925 2116 gradu
964 2072 1048 2116 quo
1092 2056 1305 2100 comoedia
1341 2066 1456 2100 vetus
1491 2058 1761 2109 Atticorum,

325 2138 515 2189 Cratini,
561 2135 781 2196 Eupolidis
821 2145 863 2179 et
894 2135 1186 2194 Aristophanis
1215 2152 1236 2178 a
1268 2136 1483 2179 comoedia
1526 2151 1631 2178 nova
1670 2137 1760 2180 Me-

324 2216 475 2261 nandri
500 2224 542 2260 et
575 2198 846 2259 Philemonis·
911 2215 959 2258 In
994 2217 1043 2262 iis
1074 2229 1211 2273 neque
1239 2214 1383 2257 decori
1422 2229 1559 2273 neque
1589 2215 1759 2259 festivae

325 2296 576 2340 urbanitatis
605 2294 739 2338 ullum
771 2295 960 2337 cernitur
998 2293 1183 2337 studium
1222 2309 1298 2336 nec
1336 2295 1444 2337 salva
1488 2308 1758 2352 personarum

323 2376 556 2419 reverentia
602 2374 831 2417 involucris
873 2373 1099 2418 maledicta
1138 2372 1360 2424 velarunt,
1407 2372 1479 2416 sed
1523 2372 1669 2425 nudo,
1715 2381 1763 2417 ut

324 2457 471 2506 aiunt,
505 2456 644 2512 capite
675 2453 897 2496 conviciati
939 2461 1051 2498 sunt.
1115 2453 1178 2496 Ita
1208 2452 1260 2496 de
1291 2453 1591 2511 epigrammate
1620 2451 1759 2496 Theo-

325 2533 423 2578 criti
468 2533 566 2577 chii
611 2534 803 2591 superius
846 2533 1040 2591 apposito
1087 2532 1304 2590 aliquanto
1344 2532 1510 2589 aptiore
1554 2530 1761 2574 vocabulo

323 2629 419 2656 usus
459 2612 621 2656 videtur
658 2611 910 2655 Plutarchus
950 2612 1002 2655 de
1035 2611 1160 2656 Exsil.
1207 2625 1246 2656 c.
1278 2613 1346 2654 18.
1409 2609 1691 2662 Ἀριστοτέλην
1718 2609 1758 2652 δὲ

323 2691 572 2746 λελοιδόρηκε
590 2692 674 2734 κτὲ.
711 2687 836 2749 quam
852 2691 1063 2750 Diogenes
1081 2689 1298 2740 Laertius,
1319 2690 1392 2746 qui
1417 2688 1640 2741 ἀνι-ἔσκωψε
1657 2689 1761 2731 scri-

326 2774 408 2831 psit
437 2772 499 2824 V,
538 2775 607 2816 11.
668 2769 762 2815 Non
803 2771 912 2814 enim
946 2769 1247 2829 philosophum
1290 2767 1598 2811 nobilissimum
1647 2767 1758 2811 deri·

324 2851 503 2894 dendum
531 2850 728 2910 praebuit
756 2849 1004 2894 Theocritus
1037 2848 1105 2892 sed
1147 2847 1362 2891 inimicum
1391 2847 1645 2890 conviciatus
1679 2854 1755 2891 est.
