1794 3412
901 262 1164 302 -128—

319 396 436 446 ptum
478 389 608 429 fertur
650 387 691 426 in
729 398 931 426 marmore
971 385 1013 426 in
1044 384 1176 426 insula
1208 384 1255 426 Io
1282 393 1472 443 reperto,
1507 385 1618 443 quod
1646 401 1748 430 con-

318 467 463 508 fictum
508 480 594 508 esse
647 472 688 506 et
728 463 916 521 spurium
962 461 1107 504 docuit
1148 461 1400 506 Weickerus
1447 464 1599 508 Dium.
1643 466 1744 511 Ant.
1779 445 1781 448 .

320 546 447 587 1844.
488 559 533 601 p.
558 545 659 586 300.
725 542 858 596 Quem
899 539 1023 582 latuit
1055 540 1193 582 verba.
1222 549 1443 598 corrupta:
1492 540 1556 586 ἅδ’
1591 542 1746 596 ἔλαχον

311 627 467 670 νασῖτις
510 623 554 666 οὐ
597 621 680 674 γὰρ
718 621 760 662 ἐν
801 619 918 674 ἄλλα
955 622 1120 670 πνεῦμα
1162 621 1284 663 θανών
1322 634 1370 663 ex
1415 620 1493 663 hoe
1533 622 1746 680 Antipatri
1784 625 1787 627 ’

314 702 612 759 epigrammata
640 699 765 741 ducta
796 714 896 742 esse.

371 779 453 822 Sed
486 778 635 821 dubito
663 793 713 820 an
743 779 786 821 in
815 778 1015 836 Meleagri
1052 777 1307 837 Anthologia
1338 779 1445 821 lecta
1471 779 1629 822 fuerint
1658 781 1748 837 epi·
1790 811 1791 817 ,

311 866 539 916 grammata
580 859 633 902 A.
672 858 720 902 P.
750 858 835 907 vl,
870 860 972 901 342.
1021 860 1088 900 cui
1135 858 1419 916 adscriptum:
1470 857 1664 911 ἀνάθημα
1694 865 1746 913 τῇ
1790 911 1791 915 ¹

311 938 460 993 Ἀθηνᾷ
503 937 618 990 παρα
659 941 736 981 τῶν
777 936 1030 989 Κυζικηνῶν,
1066 945 1107 978 et
1137 936 1225 986 VI,
1259 939 1360 981 344.
1406 939 1524 979 cuius
1565 938 1742 981 lemma:

310 1018 375 1059 ἐπὶ
404 1017 459 1069 τῷ
492 1017 533 1058 ἐν
562 1020 763 1063 Θεσπιαῖς
795 1016 936 1068 βωμῷ.

427 1095 602 1138 Θεσπιαὶ
634 1095 838 1148 εὐρύχοροι
869 1094 1046 1146 πέμψαν
1077 1094 1176 1136 ποτὲ
1208 1093 1344 1141 τούςδε
1372 1093 1445 1135 σὺν
1471 1093 1609 1141 ὅπλοις

543 1175 736 1228 τιμωροὺς
761 1173 962 1227 προγόνων
992 1172 1202 1227 βάρβαρον
1229 1173 1285 1220 εἷς
1317 1172 1482 1221 Ἀσίην,

424 1249 459 1295 οἳ
484 1256 578 1303 μετ’
610 1252 876 1306 Ἀλεξάνδρου
907 1255 1066 1305 Περσῶν
1097 1250 1204 1299 ἄστη
1238 1249 1476 1298 καθελόντες

543 1337 699 1381 στῆσαν
730 1330 998 1385 ἐριβρεμέα
1029 1328 1240 1372 δαιδάλεον
1270 1328 1452 1381 τρίποδα.

309 1412 422 1467 Quos
462 1426 602 1454 versus
647 1410 803 1469 tripodi
847 1411 1069 1467 inscriptos
1097 1409 1221 1451 fuisse
1247 1408 1370 1451 docet
1410 1424 1641 1466 pronomen
1672 1409 1744 1452 de-

309 1491 628 1533 monstrativum
644 1489 804 1537 τούςδε;
839 1490 1008 1531 nomina
1025 1496 1163 1530 autem
1193 1487 1377 1530 militum
1400 1487 1743 1546 Thespiensium,

308 1569 383 1626 qui
410 1582 505 1611 cum
543 1567 780 1611 Alexandro
810 1567 992 1625 profecti
1022 1574 1167 1616 erant,
1203 1566 1378 1609 inferius
1406 1566 1616 1625 adscripta
1653 1567 1746 1610 fue-

308 1657 424 1690 runt.
491 1647 761 1705 comparavit
799 1646 1013 1689 Iacobsius
1057 1644 1272 1688 Philiadae
1302 1646 1595 1703 ,inscriptionis
1634 1647 1743 1703 frag-

306 1735 493 1769 mentum
520 1727 562 1768 in
595 1724 871 1783 Thespienses
903 1740 924 1766 a
954 1725 1088 1768 Persis
1115 1738 1278 1769 caesos:

421 1803 560 1859 ἄνδρες
586 1805 650 1847 τοί
678 1807 770 1847 ποτ’
797 1803 924 1846 ἔναιον
950 1803 1027 1846 ὑπὸ
1053 1802 1271 1858 κροτάφοις
1298 1806 1508 1851 Ἑλικῶνος

541 1884 803 1935 λήματιέτῶν
819 1884 961 1934 ἀὐχεῖ
988 1882 1172 1929 Θεσπιὰς
1204 1882 1414 1935 εὐρύχορος
1432 1915 1445 1930 ,

307 1979 347 2008 v.
379 1965 493 2022 App.
526 1963 608 2020 Ep.
641 1964 715 2006 94.
776 1960 881 2005 Inde
909 1963 950 2003 in
983 1969 1127 2003 nostro
1167 1962 1350 2003 carmine
1381 1960 1623 2019 explicanda
1655 1975 1743 2004 ver-
1785 2002 1787 2005 .

307 2042 358 2084 ba
387 2040 581 2095 τιμωροὺς
608 2039 824 2094 προγόνων.
891 2038 1121 2098 Epitheton
1163 2048 1303 2082 autem
1342 2039 1558 2092 ἒριβρεμέα
1585 2040 1744 2098 tripodi

306 2122 510 2164 tributum
550 2122 649 2163 satis
688 2119 901 2163 videretur
940 2127 1086 2177 aptum
1128 2133 1246 2171 esse,
1293 2120 1326 2161 si
1368 2134 1503 2162 sermo
1547 2126 1651 2162 esset
1691 2119 1744 2161 de

306 2201 443 2243 lebete
474 2199 764 2255 ε’μπυριβήτη,
799 2197 954 2256 tripodi
996 2213 1095 2241 vero
1125 2198 1215 2240 Diis
1248 2197 1389 2240 oblato
1419 2213 1502 2240 non
1531 2199 1742 2242 convenit.

309 2280 583 2339 corruptelae
615 2279 893 2338 suspicionem
922 2286 1044 2334 auget
1071 2277 1230 2334 syllaba
1258 2278 1390 2321 brevis
1419 2278 1461 2319 in
1493 2278 1743 2335 pentametri

305 2374 501 2409 caesura,
548 2373 674 2417 quam
717 2357 979 2414 transpositis
1023 2355 1306 2399 hemistichiis
1349 2356 1462 2399 tollit
1499 2355 1742 2406 Iacobsius,

306 2447 349 2482 et
382 2439 460 2480 Dei
498 2452 680 2486 nomen,
715 2436 784 2478 cui
820 2435 953 2493 tripus
996 2434 1212 2478 dedicatus
1249 2444 1341 2485 est,
1390 2435 1604 2482 omissum.
1667 2434 1742 2478 His

305 2516 624 2560 difficultatibus
656 2528 877 2558 occurrere
904 2514 1031 2563 licet,
1065 2515 1252 2572 scripto:

421 2601 578 2644 στῆσαν
609 2593 876 2649 Ἐριβρεμὲτη
906 2591 1117 2636 δαιδάλεον
1148 2593 1317 2645 τρίποδα
1335 2627 1347 2641 ,

309 2679 338 2720 i.
369 2690 407 2718 e.
457 2676 547 2718 Iovi
588 2675 784 2717 Tonanti.
845 2673 909 2715 Ita
944 2671 1176 2715 Mercurius
1223 2670 1377 2713 dicitur
1420 2669 1568 2723 Ἀρκάς
1609 2673 1662 2715 Δ.
1692 2672 1738 2714 Ρ.

307 2755 396 2805 VI,
431 2757 532 2799 315.
566 2756 607 2797 2.
653 2761 694 2796 et
731 2753 952 2802 Κυλλήνιος
998 2749 1260 2809 Simpliciter
1298 2764 1320 2791 a
1362 2748 1561 2807 Philippo
1606 2751 1658 2795 A.
1690 2752 1739 2798 Ρ,

306 2835 391 2886 w,
427 2837 497 2878 92.
533 2837 575 2878 6.
609 2842 649 2876 et
680 2832 900 2890 Neptunus
924 2832 1064 2879 Ἅλιος
1097 2831 1213 2875 Plan.
1243 2831 1344 2873 214.
1381 2833 1422 2873 5.
