1794 3412
886 273 1147 311 -118—

419 391 611 445 Κύπριδος
640 390 752 440 οὗτος
780 393 798 433 ὁ
829 397 980 445 χῶρος,
1014 392 1120 436 ἐπεὶ
1152 394 1273 447 φίλον
1304 393 1451 437 ἔπλετο
1480 397 1581 448 τήνῳ

534 470 619 512 αἰὲν
649 470 724 512 ἀπ’
751 471 909 524 ἠπείρου
935 472 1124 524 λαμπρὸν
1149 472 1238 525 ὁρῆν
1265 471 1447 525 πέλαγος
1465 507 1478 522 ,

415 550 523 603 ὄφρα
552 549 674 602 φίλον
706 550 873 605 ναύτῃσι
905 559 1005 607 τελῇ
1035 551 1158 594 πλόον
1179 566 1189 576 ·
1221 552 1336 606 ἀμφὶ
1367 552 1408 595 δὲ
1439 553 1580 601 πόντος

532 627 726 680 δειμαίνει
752 629 922 683 λιπαρὸν
953 630 1183 683 δερκόμενος
1214 630 1377 680 ξόανον,

298 705 370 747 ubi
399 719 477 763 pro
508 706 600 749 ἐπεί
628 707 824 765 equidem
855 708 1123 752 scribendum
1149 724 1236 752 esse
1264 710 1475 754 arbitror:
1515 711 1648 758 ὅπεῖι,
1690 719 1731 751 et
1787 696 1791 754 s

296 784 532 842 Antagorae
558 785 712 828 Rhodii
739 787 798 829 IX
815 819 826 838 ,
866 790 962 833 147.

409 862 480 906 ΨΩ
507 863 568 906 ἴτε
595 867 810 919 Δημητρὸς
841 867 935 919 πρὸς
966 866 1206 920 ἀνάκτορον,
1239 865 1268 909 ὦ
1293 866 1355 910 ἴτε
1386 867 1543 919 μύσται

531 943 627 994 μηδ’
659 942 802 992 ὕδατος
833 945 1015 997 προχοὰς
1045 944 1186 988 δείδιτε
1216 947 1460 999 χειμερίους.

415 1028 519 1066 τοῖον
551 1028 759 1073 Ξεινοκλῆς
790 1024 873 1078 γὰρ
899 1021 919 1066 ὅ
945 1022 1100 1073 Λίνδιος
1131 1024 1324 1079 ἀσφαλὲς
1356 1024 1486 1077 ὔμμιν

532 1101 698 1154 ζεῦγμα
729 1102 796 1144 διὰ
826 1101 1005 1151 πλατέος
1036 1103 1144 1146 τοῦδ’
1175 1102 1328 1154 ἔβαλεν
1357 1107 1546 1156 ποταμοῦ
1564 1135 1575 1152 ,

297 1181 414 1222 cuius
442 1194 605 1223 versum
638 1182 810 1224 tertium
843 1181 1072 1225 seeundum
1097 1182 1276 1226 Brodaei
1314 1192 1495 1227 mentem
1536 1181 1729 1225 emenda-

294 1259 353 1302 vit
377 1260 630 1304 Brunckius.
695 1261 866 1304 Codex:
898 1267 1003 1304 τοῖον
1032 1262 1116 1316 γὰρ
1142 1267 1335 1312 Ξενοκλῆς
1359 1262 1378 1305 ὃ
1403 1261 1574 1310 Λίνδιος.
1623 1262 1728 1305 Item
1788 1272 1789 1275 ’

294 1338 374 1380 alia
402 1337 614 1383 Leonidae
644 1340 858 1382 Tarentini
885 1340 947 1384 lx
965 1372 977 1392 ‚
1012 1343 1114 1385 744.

415 1418 650 1470 Ὠίγινόμοι
683 1420 829 1462 Σώτων
859 1419 927 1462 καὶ
960 1419 1172 1471 Σίμαλος,
1205 1421 1240 1463 οἱ
1266 1421 1507 1472 πολύαιγοι,

506 1493 598 1547 ὀἶα
626 1497 887 1550 βαθυσχίνων
917 1497 1061 1548 ἀξενε
1093 1499 1399 1552 παρολκιδαν

414 1578 547 1630 Ἑρμᾷ
572 1582 778 1629 τυρευτῆρι
807 1575 877 1618 καὶ
908 1575 1092 1628 εὔγλαγι
1119 1577 1187 1619 τὸν
1216 1577 1481 1632 χιμαραρχον

528 1652 713 1706 χάλκεον
743 1655 950 1706 εὒπώγων’
979 1653 1048 1698 ὧδ’
1071 1655 1253 1699 ἀνέθεντο
1282 1655 1448 1710 τράγου.

294 1732 365 1775 VS.
394 1735 433 1776 ἱ.
497 1733 734 1776 Meinekius
763 1735 930 1792 scripsit
956 1735 1125 1783 Σῶσων,
1162 1736 1253 1778 iure
1283 1734 1481 1778 dubitans
1512 1749 1610 1778 num
1644 1737 1728 1778 Σώ-

293 1827 370 1855 των
400 1811 607 1858 Graecum
635 1828 788 1857 nomen
818 1814 966 1860 fuerit.
1026 1815 1213 1859 Unicum
1241 1823 1353 1858 certe
1377 1815 1466 1857 eius
1492 1814 1728 1873 exemplum

294 1891 434 1950 reperi
465 1891 515 1936 G.
547 1892 582 1934 Ι.
616 1906 655 1934 c.
683 1893 812 1935 1800.
848 1895 890 1938 3.
924 1891 999 1935 ubi
1022 1892 1284 1936 Broeckhius
1315 1894 1492 1939 Σωτίων.
1551 1894 1638 1937 Sed
1669 1895 1730 1937 ei-

294 1970 389 2015 dem
421 1984 469 2014 ex
497 1969 642 2013 codice
672 1967 702 2012 οἶ
728 1969 815 2020 ξένε
856 1970 1126 2014 scribendum
1157 1986 1246 2015 esse
1289 1981 1381 2015 rato
1412 1980 1525 2016 recte
1553 1972 1731 2016 oblocu-

293 2059 359 2094 tus
386 2059 448 2094 est
470 2051 733 2094 Hermannus
751 2081 764 2102 ,
796 2051 865 2092 cui
893 2066 972 2108 pro
1014 2059 1133 2109 parte
1162 2049 1353 2095 retribuo
1393 2051 1729 2095 emendationem

294 2142 434 2173 versus
464 2129 667 2181 secundi,
702 2144 829 2187 quam
868 2129 957 2172 fere
984 2137 1140 2172 certam
1173 2138 1294 2188 puto.
1357 2132 1418 2174 Ex
1447 2131 1580 2188 sagaci
1615 2131 1727 2174 enim

292 2209 373 2251 viri
405 2208 654 2266 sagacissimi
699 2207 987 2251 admonitione
1028 2208 1169 2251 literas
1203 2214 1534 2253 ΑΡΟΛΚῙΔΑΝ
1567 2209 1729 2252 similli-

291 2303 377 2331 mas
403 2303 494 2331 esse
514 2288 710 2331 ductibus
738 2288 934 2331 vocabuli
957 2287 1276 2331 APCAKIAAN
1303 2304 1379 2346 ego
1404 2290 1595 2347 perspexi
1628 2288 1728 2331 olim

291 2369 496 2426 seriptum
530 2368 659 2410 fuisse
689 2365 958 2420 Ἀρκασιδοῖν,
993 2367 1046 2410 de
1074 2383 1155 2426 qua
1196 2367 1328 2410 forma
1357 2382 1398 2411 v,
1428 2368 1616 2412 Lobeck.
1648 2368 1727 2410 Pa-

291 2447 416 2505 ralip.
439 2447 458 2489 1
478 2479 489 2497 ,
522 2462 567 2505 p.
598 2450 638 2491 4.
689 2446 859 2490 Gallim.
887 2447 1012 2490 Dian.
1040 2449 1139 2490 216.
1172 2446 1311 2501 κούρην
1336 2447 1494 2490 ’Ioco-1010
1520 2446 1727 2490 συοκτόνον

289 2525 554 2580 Ἀρκασίδαο.
615 2525 704 2568 Nec
736 2524 859 2567 facile
892 2525 934 2566 in
965 2532 1079 2567 tanta
1106 2526 1318 2569 literarum
1357 2525 1417 2569 Ic
1444 2534 1486 2568 et
1515 2525 1548 2568 C
1579 2526 1725 2568 simili-

290 2605 437 2649 tudine
465 2604 694 2662 genuinum
723 2603 968 2656 Ἀρκοισιδοῖν
996 2617 1017 2645 a
1044 2612 1245 2662 corrupto
1272 2605 1517 2657 Ἀρσακιδῶν
1540 2605 1726 2662 dignosci

286 2693 443 2746 potest.
507 2682 706 2727 Arcadiae
750 2690 887 2725 autem
921 2683 1002 2725 hoc
1039 2683 1131 2726 loco
1176 2692 1324 2742 utpote
1352 2685 1516 2741 pascuis
1548 2683 1724 2726 laetissi-

286 2781 411 2815 mae,
460 2765 616 2806 mentio
653 2763 881 2821 aptissima.
946 2764 1082 2819 Quare
1114 2771 1250 2806 totum
1286 2778 1449 2806 versum
1494 2765 1547 2805 ita
1592 2764 1723 2807 infor-

289 2844 484 2889 mandum
514 2852 643 2900 puto:
680 2839 741 2885 οἷα
769 2844 1005 2895 βαθυσχίνω
1038 2846 1119 2894 γᾶς
1151 2842 1229 2893 ξέν’
1258 2844 1322 2885 ἐπ’
1354 2843 1610 2896 Ἀρκοισιδᾶν.
