1794 3412
637 291 906 332 -211—

48 418 97 462 1n
125 415 206 459 hoc
236 415 423 458 carmine
453 415 574 473 plura
595 422 794 473 corrupta
822 423 942 465 sunt,
979 428 1087 472 quae
1121 428 1197 473 pro
1222 421 1342 472 parte
1370 426 1511 456 emen-

47 498 202 542 darunt
237 497 406 547 critici,
443 505 488 539 ut
531 511 589 540 vs.
623 499 666 539 2.
704 496 776 538 ubi
804 496 845 538 in
887 493 1036 537 codice
1075 494 1232 552 legitur
1270 493 1509 547 δοικιχοιρῆ,

48 594 96 622 us
130 593 188 622 vs.
215 581 260 622 3.
299 576 415 620 κόττι
451 576 641 631 φίλημα.
708 575 826 619 Idem
861 575 992 618 codex
1039 591 1099 618 νε.
1128 578 1169 619 4.
1213 573 1387 618 e‘xhibet
1419 573 1514 617 ἔνοι-

47 660 203 709 κισίαι,
251 658 494 702 Brunckius
529 658 570 700 ἐν
602 657 784 712 vineo-1¹4⁶,
834 655 1072 715 Purgoldus
1093 689 1103 707 ,
1139 655 1333 699 Graefius
1373 662 1416 698 et
1448 653 1516 698 Ia·

47 740 217 784 cobsius
255 739 296 782 ἐν
327 738 508 794 εἰκασίᾳ.
575 736 790 796 Equidem
828 737 1029 792 ἐνοικεσίᾳ
1061 735 1336 779 scribendum
1378 743 1516 795 puto,

49 828 97 864 ut
127 820 363 873 μετοικεσίη
399 817 575 862 Leonid.
608 817 708 863 Vll.
738 819 841 862 731.
873 820 914 861 4.
947 815 1192 860 πανοικεσίοι
1226 817 1310 861 An.
1346 814 1428 861 Ox.
1455 814 1518 860 11.

50 916 95 959 p.
125 902 228 944 314.
265 902 338 944 20.
373 915 412 941 v.
459 898 651 942 Lobeck.
697 895 858 955 Phryn.
903 912 947 955 p.
982 899 1084 940 505.
1153 897 1288 940 Versu
1332 894 1520 940 secundo

50 989 303 1039 corruptum
338 978 507 1022 videtur
535 980 705 1021 σκολιῶν
737 975 902 1031 ὄρθρων,
938 978 1058 1019 cuius
1087 976 1288 1019 adiectivi
1320 976 1438 1019 nulla
1467 975 1521 1019 ad

50 1075 222 1105 manum
264 1067 326 1103 est
371 1058 524 1102 idonea
573 1058 818 1116 explicatio.
895 1056 1004 1100 Vide
1049 1072 1102 1100 an
1146 1056 1422 1100 scribendum
1466 1058 1522 1100 sit

50 1141 247 1191 σκοτίων,
279 1139 323 1183 id
351 1147 415 1183 est
444 1139 855 1182 clandestinorum.
923 1138 995 1182 Vs.
1029 1142 1054 1181 5
1088 1146 1131 1181 et
1163 1139 1207 1183 6.
1243 1137 1356 1182 haud
1390 1137 1523 1181 dubie

53 1219 354 1280 corrigendum
375 1237 386 1261 ε

777 1298 882 1351 κᾶμ’
914 1300 955 1342 ἐν
987 1300 1116 1354 ὀνείρῳ

168 1381 413 1438 ψυχαπάτῃ
443 1380 616 1434 στέρνοις
656 1379 983 1435 ἀμφιβαλοῦσω
1012 1384 1159 1436 φιλεῖς

46 1466 47 1469 ’
114 1461 386 1522 Asclepiades
417 1476 454 1504 c.
490 1463 589 1505 167.

172 1542 314 1590 ‘Tea-bc,-
346 1540 493 1592 ἧν-κοιὶ
526 1538 601 1590 νὺξ
632 1540 702 1582 καὶ
734 1540 782 1582 τὸ
813 1540 946 1593 τρίτον
978 1538 1113 1591 ἄλγος
1146 1539 1260 1594 ἔρωτι

295 1620 394 1670 οἶνος
425 1621 496 1664 xx)
530 1619 672 1674 Βορέης
703 1620 896 1674 ψυχρὸς,
929 1621 1013 1672 ἐγὼ
1045 1620 1086 1664 δὲ
1117 1619 1268 1674 μόνος·

171 1703 274 1746 ἀλλ’
305 1702 324 1746 ὅ
356 1700 486 1751 κωλὸς
518 1699 681 1755 μόσχος
712 1699 839 1744 πλέον
870 1699 1020 1754 ἴσχυε·
1052 1699 1122 1744 καὶ
1154 1700 1206 1745 σὺ
1237 1699 1324 1756 γὰρ
1354 1698 1480 1750 οὕτως

295 1783 441 1834 ἤλυθες
470 1781 558 1827 οὐδὲ
590 1781 708 1836 θύρην
739 1782 837 1836 πρὸς
868 1782 971 1835 μίαν
1001 1780 1226 1836 ἡσυχάσας
1245 1796 1256 1807 ·

172 1864 269 1923 τῇδε
297 1865 461 1908 τοσοῦτ’
493 1861 652 1916 ε’βόησοο
678 1862 991 1918 βεβρεγμένος·
1023 1888 1085 1895 —
1113 1862 1217 1917 ἄχρι
1249 1862 1357 1921 τίνος
1385 1866 1492 1912 Ζεῦ;

293 1948 375 1988 Ζεῦ
405 1945 540 1999 φίλε,
574 1944 790 1996 σίγησον
821 1944 974 1993 καύτὸς
1006 1944 1102 1998 ἐροῖν
1131 1942 1298 1996 ἔμαθες.

57 2026 127 2071 Vs.
161 2029 199 2071 1.
233 2025 366 2070 codex
393 2024 624 2069 articulum
651 2033 749 2068 ante
775 2025 910 2078 τρίτον
939 2025 1127 2076 omittit,
1163 2041 1186 2067 a
1212 2025 1431 2069 Brunckio
1460 2024 1524 2068 in·

54 2115 244 2159 sertum,
289 2106 361 2150 sed
393 2105 635 2149 inauditum
676 2114 740 2149 est
778 2107 825 2149 τὸ
867 2105 1026 2160 τρίτον,
1074 2114 1228 2164 quarto
1277 2106 1526 2151 accedente.

57 2187 228 2232 Geelius
260 2187 392 2245 igitur
427 2187 504 2245 qui
544 2185 692 2228 eadem
721 2186 774 2228 de
817 2201 863 2228 re
901 2185 1122 2230 admonuit
1155 2185 1273 2240 Bibl.
1308 2186 1381 2232 Cr.
1414 2186 1527 2232 Nor.

55 2267 140 2312 111.
173 2282 218 2327 p.
244 2268 318 2311 95.
352 2265 453 2316 οἶνος
482 2274 733 2325 corruptum
765 2281 854 2310 esse
886 2267 1064 2317 statuit,
1099 2275 1146 2310 ut
1186 2267 1230 2310 in
1261 2268 1401 2311 verbis
1428 2265 1529 2322 οἶνος

57 2348 125 2391 καὶ
159 2346 291 2391 lateat
318 2345 544 2406 epitheton
570 2346 621 2389 ad
654 2344 790 2398 ἄλγος
819 2333 1091 2390 referendum
1113 2379 1124 2396 ,
1158 2347 1336 2391 fortasse
1362 2347 1531 2391 οιῖνότοι-

57 2442 151 2477 τον;
195 2428 329 2487 frigus
371 2435 515 2471 autem
549 2426 871 2470 infestissimum
917 2442 1005 2471 esse
1049 2426 1281 2486 voluptati.
1345 2428 1530 2490 Iecobsii

58 2508 458 2568 interpretationem
486 2508 762 2566 incongruam
794 2522 911 2552 esse:
948 2507 1094 2550 vinum
1125 2508 1241 2551 enim
1268 2508 1388 2567 quod
1430 2524 1532 2568 poe-

61 2597 126 2633 tae
156 2603 324 2648 semper
367 2587 501 2632 amori
545 2589 755 2647 iungant,
800 2602 926 2645 grave
957 2588 1092 2632 amori
1136 2602 1224 2632 esse
1265 2603 1353 2632 non
1392 2604 1531 2648 posse.

56 2669 141 2716 Sed
175 2669 257 2713 hoc
287 2669 382 2712 loco
413 2669 672 2713 vocabulum
714 2665 815 2718 οἶνος
849 2668 1111 2727 iungendum
1145 2684 1243 2712 cum
1280 2670 1418 2713 verbis
1449 2671 1532 2722 ἐγὼ

56 2749 100 2793 δὲ
130 2750 249 2804 μόνος
284 2759 326 2794 et
359 2748 729 2809 interpretandum
762 2764 811 2792 ex
850 2749 1072 2808 Posidippi
1104 2750 1245 2795 verbis
1279 2765 1319 2795 c.
1348 2753 1451 2795 213.
1488 2754 1531 2795 3.

179 2831 268 2875 εἰπὲ
295 2830 338 2874 δὲ
367 2835 536 2883 σημεῖον
568 2829 726 2883 μεθύων
758 2827 819 2872 ὅτι
848 2829 916 2872 καὶ
942 2829 1011 2872 διὰ
1041 2834 1215 2873 κλωπῶν

302 2910 418 2961 ἦλθον
447 2913 597 2965 ’Έρωτι
631 2913 774 2965 θρασεῖ
803 2911 1010 2964 χρώμενος
1047 2910 1233 2962 ἡγεμόνι.

1140 2991 1221 3032 14·
