1794 3412
659 268 924 310 —203—

179 393 246 435 καὶ
280 393 481 447 ψαφαρῆν
515 390 738 443 άμπωτιν,
775 392 873 445 ὑπὲρ
900 394 1093 446 ῥηγμῖνος
1126 391 1319 439 ἀλίπλοις

175 472 343 527 ἀνδράσι
375 473 443 516 δῖα
474 472 671 516 θάλασσα
702 471 820 527 πόρον
851 477 1046 527 χερσαῖον
1073 472 1244 524 ἀνοίγει.

57 554 142 599 Ubi
184 554 396 613 iungenda
429 564 525 598 sunt
561 555 716 597 verba:
752 552 950 596 θάλασσα
979 553 1297 596 ἀνακλασθεῖσα
1326 552 1518 603 θυέλλαις

56 634 204 684 νοτίαις
232 636 288 684 είς
318 636 451 679 κλίσιν
483 641 623 691 Βορῆος
655 636 724 678 καὶ
752 636 957 689 ψαφαρην
987 633 1183 686 ἄμπωτιν
1213 634 1369 687 ἀνοίγει
1401 633 1520 690 πόρον

52 722 260 771 χερσαῖον.
325 718 438 761 Hinc
476 716 739 776 pergendum
767 716 819 759 ad
849 716 1027 759 Librum
1074 716 1282 772 Quintum
1301 749 1314 767 ,
1347 718 1403 759 de
1429 731 1518 776 quo

55 813 162 856 quae
195 798 298 842 olim
335 799 491 857 partim
532 805 679 849 recte,
716 806 761 840 ut
795 795 959 839 videtur
980 829 990 846 ,
1025 799 1181 855 partim
1220 811 1340 840 secus
1366 797 1519 857 scripsi

55 894 170 922 nunc
211 887 370 923 mutata
414 889 456 922 et
493 887 614 921 aucta
662 877 732 920 hic
769 891 1011 935 proponere
1051 892 1137 920 non
1186 886 1338 929 vacat,
1383 893 1517 937 quum

53 972 158 1004 nova
198 959 354 1003 addere
397 957 557 1002 malim.
624 959 677 1001 Et
717 958 758 1000 in
803 954 1062 1001 callimachi
1094 956 1267 1016 quidem
1306 956 1520 1018 epigram-

51 1047 162 1083 mate
190 1039 225 1080 V
244 1072 254 1090 ,
290 1041 362 1083 23.

173 1118 316 1167 Οὕτως
347 1119 551 1167 ὑπνώσαις
583 1119 794 1161 Κωνώπιον
823 1121 876 1168 ὡς
908 1119 983 1171 ἐμὲ
1016 1122 1144 1167 ποιεῖς

293 1200 514 1252 κοιμᾶσθαι
544 1202 723 1253 ψυχροῖς
755 1198 885 1248 τοῖςδε
917 1198 1035 1253 παρὰ
1059 1197 1263 1253 προθύροις
1282 1233 1293 1248 ,

171 1281 293 1331 οὕτως
326 1281 530 1330 ὑπνώσαις
562 1278 825 1330 ἀδικωτάτη,
859 1282 911 1329 ὥς
942 1280 1012 1323 τὸν
1041 1279 1218 1333 ἐραστὴν
1280 1310 1281 1313 =

289 1359 483 1417 κοιμίζεις
503 1376 514 1393 ³
546 1361 661 1406 ἐλέου
691 1362 727 1406 δ’
753 1358 840 1406 ὀὐδ’
871 1359 964 1416 όναρ
997 1360 1244 1412 ἦντίασας
1263 1375 1275 1386 ·

170 1443 351 1494 γείτονες
382 1442 618 1497 οἷκτείρουσι
637 1458 648 1468 ·
679 1443 731 1487 σὺ
758 1443 794 1486 δ’
825 1442 907 1487 οὐδ’
934 1444 1028 1496 ὄναρ
1046 1456 1057 1467 ·
1090 1445 1113 1493 ἦ
1141 1443 1264 1492 πολιὴ
1295 1442 1338 1486 δὲ

288 1524 460 1568 αὐτίκ’
490 1524 721 1576 ἀναμνήσει
751 1523 894 1568 ταῦτά
918 1540 966 1566 σε
993 1522 1138 1567 πάντα
1169 1523 1290 1576 κόμη.
1355 1510 1361 1512 i

49 1613 164 1649 recte
195 1606 323 1649 etiam
366 1619 480 1649 nunc
506 1604 614 1648 mihi
646 1604 892 1649 emendasse
934 1604 1108 1656 videor,
1143 1603 1259 1663 quod
1299 1604 1517 1648 membro-

48 1701 142 1730 rum
183 1686 374 1746 parilitas
413 1682 626 1746 requirit:
661 1684 897 1735 ἀντιάσαις.
963 1686 1047 1730 Sed
1092 1686 1309 1745 corrigere
1351 1685 1515 1744 neglexi

48 1767 232 1816 αὐτίκα,
267 1766 383 1826 quod
408 1767 716 1826 ineptissimum
738 1800 749 1819 ,
785 1768 906 1826 quasi
938 1767 1079 1810 statim
1108 1766 1335 1826 Conopion
1374 1766 1515 1810 vetula

48 1847 187 1892 fieret.
255 1846 563 1906 Corrigendum
588 1847 746 1906 igiturz
782 1845 902 1896 αὖτις
928 1848 1175 1900 ἀναμνήσει.
1239 1845 1391 1907 Neque
1414 1862 1513 1891 ¹om-

49 1929 150 1971 nino
176 1937 288 1971 recta
322 1941 430 1986 quae
461 1926 610 1986 scripsi
636 1927 690 1970 de
723 1927 869 1971 Rufini
908 1929 1212 1987 epigrammate
1245 1929 1282 1970 V
1303 1962 1314 1980 ,
1348 1930 1419 1971 27.
1445 1971 1450 1974 .

166 2011 254 2052 Ποῦ
285 2023 345 2051 σοι
378 2012 493 2051 κεῖνα
518 2007 718 2051 Μέλισσα
749 2006 806 2050 τοὶ
834 2008 996 2063 χρύσεα
1024 2008 1093 2051 καὶ
1126 2008 1331 2062 περίοπτα

283 2093 359 2138 τῆς
390 2088 695 2142 πολυθρυλήτου
726 2087 894 2131 κάλλεα
923 2090 1190 2143 φαντασίης;

167 2171 244 2212 ποῦ
271 2168 306 2210 δ’
332 2168 479 2222 όφρύες
516 2169 584 2211 καὶ
619 2171 760 2221 γαῦρα
790 2169 1042 2222 φρονήματα
1068 2169 1137 2212 καὶ
1165 2169 1316 2221 μέγας.
1339 2172 1479 2226 αὐχήν
1496 2204 1509 2221 ,

289 2248 356 2290 καὶ
385 2248 570 2302 σοβαρῶν
601 2251 758 2301 ταρσῶν
783 2247 1036 2303 χρυσοφόρος
1067 2248 1298 2300 σπατάληε,

167 2332 234 2371 νῦν
263 2329 477 2381 πενιχρη
504 2328 720 2382 ψαφαρή
748 2344 795 2371 τε
818 2327 945 2380 κόμη
972 2328 1089 2382 παρὰ
1116 2331 1265 2373 ποσσὶ
1289 2337 1511 2385 τραχεῖα

286 2412 427 2453 ταῦτα
457 2409 514 2452 τοὶ
545 2413 624 2453 τῶν
654 2413 886 2452 σπαταλῶν
911 2409 1106 2464 τέρματα
1137 2412 1422 2456 παλλακίδων.

50 2488 179 2534 Cuius
207 2506 371 2534 versum
405 2491 603 2550 quintum
637 2504 751 2533 nunc
783 2490 841 2533 ita
872 2491 1079 2549 scriptum
1112 2492 1286 2537 malim:

166 2573 234 2614 νῦν
262 2579 434 2627 πενιχρῇ
465 2575 648 2627 ψαφαρῇ
678 2588 726 2615 τε
757 2570 888 2623 κόμην
915 2572 1031 2627 παρα
1059 2572 1206 2616 ποσσὶν
1223 2606 1235 2623 ,
1268 2574 1449 2629 ἀχρεία,

285 2656 426 2696 ταῦτα
451 2653 510 2696 τοὶ
535 2657 614 2697 τῶν
642 2657 871 2696 σπαταλῶν
897 2653 1090 2708 τέρματα
1117 2655 1402 2700 παλλακίδων.

52 2731 178 2776 Coma
225 2733 353 2776 nullis
393 2735 621 2792 unguentis
667 2734 860 2778 delibuta
900 2735 1105 2780 indicium
1140 2736 1282 2780 cultus
1322 2738 1511 2796 corporis

48 2813 229 2871 neglecu'
255 2815 446 2873 adeoque
476 2830 663 2859 summae
697 2817 987 2874 paupertatis,
1025 2825 1070 2859 ut
1103 2815 1367 2860 Philoctetae
1398 2818 1510 2877 apud

52 2893 203 2938 Iulian.
240 2894 370 2940 Anth.
403 2894 521 2940 Plan,
555 2897 639 2947 lV,
679 2899 778 2940 113.
816 2900 855 2941 4.
891 2896 1021 2950 χαίτη
1056 2897 1303 2951 τρηχαλεόις
1334 2899 1508 2952 χρώμα,
