1794 3412
611 293 880 334 -213—

75 418 344 479 Asclepiades
378 434 413 461 c.
448 421 547 464 169.

132 500 230 544 Ἡδὺ
260 499 390 554 θέρους
413 500 582 554 διψῶντι
614 500 715 552 χιὼν
743 498 896 546 ποτὸν,
931 496 1002 546 ἡδὺ
1035 495 1077 538 δὲ
1108 493 1278 541 ναύταις

255 581 302 623 ἑκ
323 584 527 634 χειμῶνος
556 578 653 622 ἰδεῖν
681 578 849 632 εἶαρινὸν
876 576 1127 632 στέφανον
1149 590 1159 600 ·

137 661 240 712 ἥδιον
271 660 306 703 δ’
334 659 489 703 ὁπόταν
521 659 680 714 κρύπτῃ
710 659 790 710 μία
821 658 916 707 τοὺς
947 656 1175 711 φιλέοντας

256 745 421 794 χλαῖνα
453 740 521 783 καὶ
555 740 720 790 αἶνῆται
753 738 906 792 Κύπρις
940 738 1011 781 ὑπ’
1042 734 1323 792 ἀμφοτέρων.-

17 822 68 868 ln
124 821 252 866 verbo
303 820 510 876 στέφανον
556 818 879 879 interpretando
929 832 1079 876 parum
1133 815 1319 870 feliciter
1375 811 1482 857 mihi

17 903 172 946 versati
217 901 414 945 videntur
463 901 637 951 critici,
692 914 825 958 quum
869 897 976 941 mihi
1032 897 1251 956 scripsisse*
1292 893 1484 938 videatur

18 991 171 1044 poeta:

243 1064 306 1107 ·ε’κ
336 1066 538 1117 χειμῶνος
564 1062 660 1106 ἰδεῖν
689 1060 856 1116 εἰαρινὸν
890 1059 1084 1115 Ζέφυρον.

22 1141 145 1201 Quod
188 1141 400 1203 Zeph'yro‘
433 1141 640 1185 tribuitur
687 1142 816 1185 etiam
863 1157 885 1184 a
923 1141 1131 1184 Pancrate
1177 1136 1486 1187 Atheusxv,

21 1225 127 1269 677.
160 1223 213 1268 Ε.
254 1222 326 1277 καὶ
368 1222 476 1277 ῥόδον
513 1222 738 1276 εἰαρινοῖσιν
781 1219 1046 1273 ἀνοιγόμενον
1084 1218 1326 1274 Ζεφύροισιν
1343 1250 1356 1266 ,
1398 1214 1488 1275 Op-

22 1304 139 1364 pian.
171 1302 270 1348 Hal.
299 1303 398 1355 111,
444 1305 563 1348 244:
588 1303 759 1357 εἰαρινοῦ
803 1301 989 1357 Ζεφύρου
1023 1298 1332 1355 πρωτώγγελος
1360 1295 1490 1352 ὅρνις,

25 1392 71 1429 et
109 1385 251 1430 Noun.
297 1384 428 1430 Dion.
454 1384 530 1436 11,
581 1386 679 1429 133.
715 1385 818 1428 532.
893 1382 1027 1426 Miror
1070 1380 1154 1425 hoc
1200 1396 1286 1424 non
1341 1378 1494 1422 vidisse

25 1464 303 1511 Schaeferum
346 1466 420 1524 qui
463 1466 505 1508 in
546 1465 694 1509 Melet.
731 1464 840 1509 crit.
883 1479 927 1522 p.
963 1464 1067 1507 102.
1108 1461 1294 1506 contulit
1333 1459 1494 1505 Melea-

27 1561 150 1606 grum
185 1546 240 1590 A.
266 1545 316 1589 Ρ.
346 1545 440 1597 lx,
471 1546 574 1588 363.
610 1547 654 1588 9.
691 1546 761 1588 10.

148 1625 221 1675 ἤδη
253 1625 295 1668 δὲ
327 1625 528 1668 πλώουσιν
555 1625 622 1667 ἐπ’
653 1623 773 1678 εὐρέα
804 1623 979 1677 κύματα
1009 1603 1164 1666 ναῦται-

145 1711 264 1760 πνοιῇ
291 1703 528 1760 ἀπημάντῳ
555 1703 741 1760 Ζεφύρου
770 1704 868 1747 λίνα
894 1704 1185 1752 κολπώσαντες

32 1787 106 1831 ubi
142 1785 447 1844 corrigendum
485 1793 548 1828 est
581 1786 886 1834 κολπώσαντος.
953 1784 1034 1829 Cui
1074 1784 1154 1828 alia
1183 1799 1232 1827 ex
1269 1782 1382 1826 libro
1423 1781 1502 1826 de-

31 1866 140 1911 cimo
173 1865 368 1910 addenda
394 1874 520 1917 sunt,
557 1874 603 1909 ut
631 1865 712 1909 hoc
739 1865 883 1925 Satyri
913 1865 949 1909 X
968 1898 979 1917 ,
1016 1869 1060 1910 5.

145 1947 253 1997 ’Ἤδη
280 1947 559 1998 πηλοδομεῦσι
586 1945 799 2000 χελιδόνες
816 1979 828 1995 ,
863 1946 936 1996 ἤδη
968 1947 1034 1989 ἀν’
1064 1943 1196 1998 οἶδμα

269 2029 498 2071 κολποῦται
530 2026 777 2078 μαλακὰς
808 2026 880 2074 εἰς
911 2025 1051 2074 ὀθόνας
1083 2024 1265 2081 Ζέφυρος

153 2109 224 2159 ἤδη
255 2109 327 2152 καὶ
355 2112 552 2160 λειμῶνες
585 2108 686 2161 ὑπὲρ
718 2106 914 2150 πετάλων
941 2106 1121 2160 ἐχέαντο

272 2187 400 2231 ἄνθεα
430 2187 500 2229 καὶ
533 2187 692 2240 τρηχὺς
719 2191 826 2237 σῖγα
857 2185 1021 2239 μέμυκε
1052 2186 1202 2240 πόρος·

156 2268 343 2322 σχοίνους
375 2266 648 2320 μηρύεσθε,
683 2266 753 2320 ἐφ’
781 2264 940 2308 ὁλκάδα
966 2256 1205 2319 φορτίζεσθε

276 2347 467 2401 ἀγκύρας
500 2346 569 2389 καὶ
604 2348 691 2388 πᾶν
721 2347 877 2399 λαῖφος
905 2343 1063 2407 ἔφεσθε
1086 2343 1244 2393 κώλοις.

158 2429 282 2472 ταῦτ’
315 2427 447 2479 ὔμμιν
478 2426 682 2469 πλώουσιν
714 2425 781 2467 ἐπ’
807 2425 1004 2479 ἐμπορίην
1037 2425 1056 2467 ὅ
1083 2423 1263 2479 Πρίηπος

279 2509 301 2550 ὁ
330 2506 622 2561 λιμενορμίτης
651 2504 864 2554 ναυτιλίην
890 2503 1131 2560 γράφομαι.

28 2589 129 2641 :ubi
169 2604 230 2632 vs.
258 2591 301 2633 2.
337 2596 453 2631 reete
495 2585 737 2630 emendavit
775 2583 1157 2629 Schneidewinus=
1198 2585 1393 2638 μαλακὸς
1429 2585 1509 2634 τας

25 2668 177 2718 adm
205 2667 412 2723 Ζέφυρος,
450 2674 496 2710 ut
527 2664 717 2718 μαλακοὶ
744 2665 916 2720 Ζέφυροι
948 2665 1081 2711 Anth.
1115 2665 1237 2711 Plan.
1263 2665 1317 2718 1,
1359 2667 1430 2711 12.
1465 2667 1510 2710 2.

44 2749 134 2795 Pul.
158 2749 244 2800 Vl,
281 2751 384 2792 290.
415 2750 459 2791 4.
523 2747 599 2791 Vs.
630 2750 672 2791 5.
709 2745 851 2789 hiatus
877 2745 1090 2789 tollendus
1118 2745 1286 2788 videtur
1310 2745 1512 2799 μηρύεσθε

48 2830 89 2873 in
126 2829 348 2884 μηρύεσθαι
383 2828 457 2888 qui
495 2827 733 2870 infinitivus
768 2826 1124 2884 significationem
1160 2826 1402 2885 imperativi
1437 2824 1516 2868 ha·

20 2894 139 2956 Ἧοῑ.
200 2910 272 2954 vs.
304 2912 346 2954 7.
387 2908 603 2953 Iacobsius
646 2907 756 2951 male
798 2909 937 2950 ταῦτα
978 2907 1283 2964 interpretatus
1328 2914 1389 2950 est
1432 2907 1508 2950 id-
