1794 3412
880 267 1144 306 —156-r-

301 403 508 432 marmore
548 388 798 445 descriptam
843 387 951 445 apud
996 388 1229 431 Iacobsium
1273 386 1466 432 Addend·
1507 388 1558 431 ad
1599 389 1731 435 Anth.

302 465 391 512 Pal.
422 483 466 524 p.
498 478 590 510 cm.
624 466 809 508 invenias
839 464 976 509 hanc:

358 560 400 586 οι.
419 545 560 595 Στήλη
589 543 829 599 μαρμαρέη,
862 546 965 592 τίνος
992 544 1032 588 εἷ
1054 545 1218 601 τάφοςς
1251 547 1296 596 β.
1314 545 1429 595 ὠκέος
1459 544 1597 590 ἵππου.

418 639 461 666 οε.
477 623 590 671 ‘rico'
606 625 736 676 ὅνομ,’;
768 624 814 675 β.
830 624 1068 672 Εὐθύδικος·
1099 642 1141 668 οι.
1160 625 1203 669 τι
1217 625 1358 674 κλεος
1390 626 1436 676 β.
1453 625 1685 680 ἀθλοφόρος.

360 718 401 744 α.
419 700 617 750 ποσσοὶκις
642 701 820 757 ἐστὲφθη
837 702 1002 756 δρόμονς
1027 704 1073 754 β.
1086 702 1265 747 πολλάκι
1283 719 1292 729 ·
1325 720 1367 747 οι.
1384 704 1446 753 τίς
1460 704 1494 747 δ’
1510 703 1629 748 ἕλοιέν
1644 720 1728 756 sarug

416 780 463 830 β.
480 779 664 834 Κοίρανος
684 795 694 806 ·
725 797 768 824 οι.
787 779 815 823 ὦ
842 787 964 833 τιμῆς
996 782 1198 835 κρέσσονας
1226 782 1406 835 ἡμιθέων.

298 858 348 902 In
376 859 494 901 cuius
525 873 644 901 versu
684 860 807 902 tertio
836 874 913 918 pro
943 859 1124 903 πολλάκι
1154 861 1263 920 quod
1294 869 1428 904 metro
1469 862 1599 905 officit
1629 864 1732 904 scri·

300 936 515 979 bendum:
550 936 718 986 ὅκτοὶκι,
752 939 834 980 sive
862 938 975 996 quod
1003 937 1209 982 Cobetum
1236 940 1276 982 in
1307 941 1493 999 margine
1522 940 1731 998 exempla-

299 1015 356 1057 ris
391 1016 456 1058 sui
491 1015 753 1074 adscripsisse
796 1017 943 1061 video:
988 1017 1155 1063 ἑπτάκι.
1220 1020 1406 1074 Quacum
1451 1019 1731 1062 conferendae

299 1108 347 1137 ex
385 1094 640 1153 Anthologia
680 1095 787 1138 duae
826 1097 1119 1155 inscriptiones
1153 1097 1336 1140 eiusdem
1374 1099 1639 1156 argumenti,
1673 1097 1734 1140 ul-

300 1181 386 1216 tera
412 1173 644 1217 Mnasalcae
676 1174 730 1217 Δ.
760 1173 806 1218 Ρ.
835 1174 947 1225 v11,
981 1178 1093 1227 212,
1127 1175 1257 1219 altera
1303 1176 1463 1234 Anytes
1490 1177 1594 1228 vll,
1629 1178 1730 1220 208.

415 1254 582 1304 Μνοῖμοο
605 1251 696 1295 τάδε
721 1252 915 1306 φθιμένου
940 1254 1151 1305 μενεδοιΐου
1178 1253 1316 1298 εἴσοιτο
1347 1258 1487 1307 Δᾶμις

474 1329 598 1374 ἵππου
626 1331 712 1374 ἐπεὶ
745 1331 902 1386 στέρνον
932 1333 1047 1376 τοῦδε
1079 1333 1265 1388 δαφοινὸς
1292 1335 1420 1387 ’Άρης

417 1410 525 1462 τύψε
546 1425 555 1434 ·
586 1410 722 1462 μέλοιν
753 1410 794 1452 δέ
822 1411 857 1452 οἱ
883 1408 992 1463 aiax
1021 1412 1264 1464 τοολοιυρίνου
1294 1411 1362 1454 διὰ
1387 1412 1541 1465 χρωτὸς

476 1486 586 1541 ζέσσ’
616 1488 682 1531 ἐπὶ
715 1488 749 1530 δ’
780 1489 1041 1542 ἀργαλέαν
1070 1490 1203 1541 βῶλον
1234 1487 1369 1532 ἔδευσε
1397 1489 1520 1545 φόνῳ.

301 1568 359 1611 Ut
393 1576 534 1611 autem
566 1568 608 1610 in
637 1567 870 1612 Mnasalcae
914 1569 1187 1627 inscriptione
1221 1583 1373 1612 nomen
1417 1570 1516 1628 equi
1556 1572 1736 1613 cursoris

299 1654 362 1690 est
387 1644 535 1690 Αἴθυιοο
564 1654 607 1689 et
633 1647 676 1689 in
708 1645 838 1690 altera
865 1646 1110 1696 Εὐθύδικος,
1144 1648 1200 1690 ita
1234 1648 1277 1691 in
1310 1652 1470 1706 Anytes
1498 1649 1738 1708 inscriptio·

298 1727 361 1770 nis
407 1740 528 1770 versu
579 1726 716 1784 primo
761 1726 995 1770 Meinekius
1041 1725 1204 1772 Delect.
1251 1727 1398 1786 Epigr.
1448 1742 1491 1786 p.
1518 1730 1590 1774 98.
1637 1742 1733 1770 curn

300 1806 450 1849 Grotio
474 1804 698 1848 Μενεδοιΐου
725 1805 839 1864 quod
868 1807 966 1865 equi
993 1821 1144 1850 nomen
1174 1807 1324 1859 fuerit,
1355 1807 1555 1866 praefert.
1617 1807 1736 1864 Quod

299 1883 407 1928 mihi
447 1900 593 1942 parum
627 1884 846 1943 probabile
885 1885 1078 1937 videtur,
1110 1901 1219 1944 equo
1259 1886 1372 1930 enim
1410 1886 1633 1930 nobilitato
1673 1888 1736 1929 vi-

300 1964 444 2007 ctoriis
480 1963 523 2005 iu
554 1963 854 2006 certaminibus
887 1964 1104 2006 curulibus
1148 1979 1301 2008 nomen
1330 1965 1512 2009 inditum
1544 1981 1631 2010 esse
1673 1967 1734 2009 nil

300 2043 482 2093 mirum,
515 2041 586 2085 sed
627 2043 669 2085 in
705 2044 824 2101 equis
864 2042 1028 2085 bellicis
1058 2041 1168 2085 idem
1209 2057 1231 2084 a
1267 2042 1472 2085 militibus
1518 2045 1611 2087 fieri
1653 2061 1736 2088 non

301 2121 421 2166 solet.
483 2121 619 2180 Igitur
659 2121 938 2164 rectissimum
971 2129 1031 2163 est
1067 2120 1278 2172 μενεδοιΐου
1308 2119 1457 2170 ἵππου,
1493 2121 1535 2164 id
1570 2131 1630 2165 est
1667 2139 1735 2166 πο-

302 2199 560 2253 λεμιστηρίου
578 2233 589 2248 ,
625 2207 670 2241 ut
702 2198 811 2243 Gall.
849 2198 945 2244 Ger.
976 2202 1073 2244 109.
1107 2198 1174 2241 καὶ
1207 2199 1275 2242 τὸν
1304 2199 1546 2254 οέεθλοφόρον
1576 2202 1643 2246 καὶ
1670 2203 1739 2245 τὸν

302 2279 520 2331 πολεμήῖον
559 2276 707 2326 ἵππον,
755 2278 906 2336 Polyb.
953 2279 1054 2323 Exc.
1082 2278 1189 2329 ΧΠ,
1224 2280 1267 2323 2.
1329 2278 1378 2322 In
1417 2278 1603 2324 eiusdem
1645 2295 1736 2323 car-

303 2360 430 2403 minis
462 2373 581 2402 versu
607 2357 790 2401 secundo
815 2357 1050 2402 Meinekius
1076 2373 1124 2401 ex
1150 2357 1296 2400 codice
1324 2357 1511 2411 δαφοινόν
1537 2360 1737 2404 restituit.

304 2441 364 2484 Ex
390 2437 521 2482 Suida
551 2437 762 2482 Iacobsius
791 2437 1008 2491 δαφοινός,
1044 2437 1158 2496 quod
1194 2436 1299 2480 mihi
1331 2436 1496 2480 videtur
1527 2447 1735 2496 praestare

304 2527 478 2578 propter
520 2517 755 2561 adiectum:
803 2516 937 2568 μέλαν
981 2513 1103 2568 αἷμα.
1178 2517 1308 2559 Versu
1354 2525 1505 2575 quarto
1547 2517 1736 2576 ineptum

304 2612 390 2642 esse
417 2597 529 2657 quod
559 2597 684 2655 vulgo
716 2597 868 2654 legitur
899 2595 1112 2650 οέργοιλέοιν
1146 2610 1268 2639 nemo
1298 2611 1379 2639 non
1407 2596 1621 2654 intelligit.
1665 2597 1737 2639 In-

305 2692 429 2735 super
455 2676 589 2720 ἔδευσε
621 2675 857 2734 languidius
892 2676 1050 2719 dicrum
1083 2674 1261 2719 videtur.
1329 2675 1607 2730 Quamobrem
1637 2689 1735 2733 poe-

310 2758 430 2801 triam
458 2755 619 2801 dedisse
650 2764 779 2813 puto:

723 2834 786 2876 ἐπὶ
821 2835 853 2876 δ’
885 2833 1096 2887 οέρμοιλὲοιν
1129 2834 1259 2884 βῶλον
1292 2831 1422 2886 ἕρευσε
1455 2831 1575 2887 φόνῳ.
