1794 3412
931 258 1193 297 -160—

346 391 584 432 mortuum,
629 390 668 424 et
719 381 1003 423 dulcissimum
1047 381 1301 437 epigramma
1349 380 1592 421 amatorium
1643 379 1694 421 A.
1723 379 1769 423 P.

345 464 427 507 XII
447 496 457 513 ,
495 464 595 505 134.

457 542 605 588 Ἕλκος
632 538 738 592 ἔχων
764 539 782 580 ὃ
814 538 938 588 ξεῖνος
970 537 1185 580 ἐλάνθανεν
1204 553 1213 561 ·
1246 540 1295 585 ὡς
1326 539 1479 590 άνιηρὸν

577 621 743 670 πνεῦμα
770 617 837 660 δια
863 617 1036 666 στηθέων
1062 615 1166 664 εἶδες
1197 615 1436 668 ἀνηγάγετο
1453 650 1465 666 ,

460 699 504 740 τὸ
530 698 660 750 τρίτον
686 697 786 747 ἡνίκ’
812 695 921 739 ἔπινε
939 729 951 745 ,
985 695 1042 738 τα
1067 695 1108 738 δὲ
1133 695 1227 749 ῥόδα
1252 695 1594 750 φυλλοβολεῦντα

575 776 738 830 τώνδρὸς
768 777 843 819 ἀπ’
870 775 1103 827 όστλίγγων
1133 774 1257 818 πάντ’
1289 774 1468 825 ἐγένοντο
1498 774 1656 826 χαμαί.

455 857 639 906 ὤπτηται
669 855 786 908 μέγα
817 856 863 905 δή
894 869 958 898 τι·
989 855 1054 906 μοὶ
1084 854 1277 906 δαίμονας
1295 886 1308 902 ,
1340 855 1410 896 οὐκ
1439 853 1522 895 άπὸ
1547 854 1697 906 ρυσμοῦ

575 933 719 988 εἰκάζω
737 967 749 983 ,
781 934 910 989 φωρὸς
942 934 976 977 δ’
1007 932 1123 986 ἴχνια
1155 935 1243 988 φὼρ
1274 931 1433 985 ἔμαθον.

339 1016 388 1059 In
415 1030 499 1074 quo
539 1030 599 1060 vs.
631 1018 672 1059 4.
704 1014 847 1072 recepi
885 1012 1169 1056 coniecturam
1204 1011 1372 1056 Ottonis
1415 1009 1664 1054 Schneideri
1694 1010 1770 1052 ἀπ’

338 1095 571 1147 ὅστλίγγων
599 1109 676 1153 pro
705 1107 790 1152 quo
819 1093 862 1135 in
897 1091 1044 1135 codice
1080 1091 1233 1149 legitur
1266 1090 1349 1134 άπὸ
1381 1088 1624 1142 στομάτων,
1659 1088 1771 1147 apud

340 1175 600 1219 Athenaeum
642 1174 726 1216 άπὸ
772 1170 1000 1227 στεφάνων.
1073 1170 1193 1227 Quod
1236 1171 1326 1230 ipse
1377 1169 1478 1212 olim
1530 1168 1771 1212 restitutum

339 1254 452 1297 volui
475 1286 485 1303 ,
519 1252 630 1295 haud
664 1251 794 1294 dubie
834 1248 1112 1293 reiiciendum
1144 1258 1235 1300 est,
1269 1248 1338 1292 sed
1374 1249 1504 1291 miror
1540 1245 1772 1290 Schneide-

338 1349 431 1377 rum
469 1333 551 1376 hoc
591 1330 781 1374 acerbius
821 1338 966 1373 notare
1009 1328 1232 1379 maluisse,
1271 1342 1396 1386 quam
1441 1342 1548 1385 quae
1586 1326 1638 1369 de
1675 1339 1771 1369 vera

338 1414 520 1455 lectione
560 1408 816 1454 restituenda
870 1423 927 1451 vs.
961 1410 986 1450 2
1024 1416 1066 1450 et
1106 1411 1148 1451 3.
1192 1420 1436 1449 monueram
1486 1419 1650 1447 assensu
1697 1419 1771 1446 suo

338 1491 612 1550 comprobare
640 1503 776 1547 neque
802 1495 1015 1544 tamquam
1043 1485 1199 1528 indicta
1221 1485 1573 1543 praetermittere.
1616 1483 1666 1526 In
1698 1497 1771 1525 suo

338 1585 488 1630 genere
527 1567 772 1612 admirabile
811 1575 872 1609 est
913 1565 1027 1608 aliud
1065 1565 1319 1623 epigramma
1370 1562 1625 1621 inscriptum,
1662 1575 1769 1604 con-

339 1651 441 1694 chae
480 1665 501 1691 a
540 1648 689 1692 Selene
732 1646 887 1688 Veneri
928 1645 1125 1702 Equestri
1157 1642 1401 1693 dedicatae,
1450 1643 1491 1684 in
1527 1655 1611 1698 quo
1655 1640 1771 1682 locus

338 1730 602 1773 suavissimus
632 1735 673 1770 et
707 1725 978 1768 nitidissimus
1008 1724 1060 1766 de
1087 1722 1276 1773 nautilo,
1320 1722 1393 1779 qui
1427 1735 1522 1763 cum
1551 1721 1642 1778 ipso
1679 1721 1770 1778 epi·

339 1815 568 1868 grammate
591 1806 660 1849 hic
687 1803 959 1863 apponendus
987 1810 1049 1846 est
1077 1811 1119 1845 et
1149 1800 1444 1859 corrigendus:

456 1886 621 1939 Κόγχος
652 1885 733 1936 ἐγὼ
765 1886 958 1937 Ζεφυρῖτι
989 1881 1320 1934 παλαίτερον·
1352 1879 1471 1923 omo}
1500 1879 1550 1921 σὺ
1582 1881 1649 1922 νῦν
1676 1895 1728 1930 με

571 1963 700 2017 Κύπρι
728 1961 954 2011 Σεληναίης
978 1959 1137 2012 ἄνθεμα
1167 1963 1349 2013 πρῶτον
1380 1957 1491 2011 ἔχεις

455 2044 640 2088 ναυτίλον
661 2057 670 2067 ’
702 2040 743 2090 ὃς
765 2039 1021 2092 πελάγεσσιν
1047 2038 1270 2086 ἐπέπλεον,
1304 2037 1337 2080 εἶ
1368 2037 1442 2088 μὲν
1469 2037 1593 2085 άῆται
1612 2069 1623 2085 ,

572 2121 708 2169 τείνας
738 2119 886 2163 οἰκείων
911 2122 1064 2172 λαῖφος
1094 2117 1177 2160 άπὸ
1207 2114 1401 2168 προτόνων
1418 2148 1430 2164 ,

457 2205 489 2246 εἶ
521 2203 561 2245 δὲ
592 2199 799 2252 γαληναίη
830 2199 982 2252 λιπαρὴ
1004 2197 1114 2245 θεὸς,
1148 2194 1262 2243 οὖλος
1294 2193 1459 2248 ἐρέσσων

574 2278 697 2323 ποσσί
722 2293 799 2327 νιν,
833 2275 945 2320 ὥστ’
978 2275 1098 2329 ἔργῳ
1129 2273 1306 2326 τοῦνομα
1336 2272 1613 2327 συμφέρεται*

456 2361 501 2403 ἐκ
527 2360 560 2403 δ’
587 2358 730 2402 ἔπεσον
758 2356 872 2411 παρα
899 2358 1007 2404 θῖνας
1039 2353 1231 2402 Ἰουλίδας
1250 2386 1261 2402 ,
1294 2350 1399 2406 ὄφρα
1429 2351 1610 2404 γένωμαι

573 2439 635 2481 σοι’
664 2454 703 2480 τι
734 2435 1001 2490 περίσκεπτον
1032 2433 1244 2484 παίγνιον,
1273 2429 1482 2484 Ἀρσινόη,

455 2517 556 2570 μηδέ
585 2533 652 2569 μοι
680 2517 721 2558 ἐν
747 2512 976 2569 θαλάμῃσιν
1003 2511 1056 2555 ἔθ’
1081 2514 1131 2560 ὥς
1155 2509 1304 2565 πάρος,
1337 2508 1419 2561 εἰμὶ
1450 2508 1533 2562 γάρ
1559 2506 1707 2557 άπνους

572 2595 762 2644 τίκτηται
790 2598 983 2646 νοτερῆς
1014 2591 1104 2634 ὤεον
1130 2589 1342 2639 ἁλκυόνης.

455 2675 634 2719 Κλεινίου
659 2673 776 2716 άλλοὶ
803 2670 970 2724 θυγατρὶ
999 2669 1102 2712 δίδου
1128 2668 1249 2722 χάριν
1268 2684 1277 2691 ·
1310 2665 1390 2709 οἶδε
1416 2667 1498 2720 γάρ
1524 2666 1649 2708 ἐσθλά

575 2754 695 2809 ῥέζειν
722 2753 790 2796 καὶ
819 2750 1004 2805 Σμύρνης
1031 2749 1139 2792 ἐστὶν
1170 2749 1245 2790 ἀπ’
1271 2746 1464 2794 Αἰολίδος.

340 2838 468 2881 Versu
498 2836 635 2895 primo
676 2849 751 2891 pro
790 2831 1034 2885 παλαίτερον
1063 2827 1342 2880 Schneiderus
1383 2826 1588 2874 correxit:
1631 2824 1766 2868 πάλαι
