1794 3412
650 266 886 306 „49⁶-

47 398 157 436 ‘torri'
180 394 349 447 στίχους
383 392 450 435 καὶ
484 392 695 444 λαγαροὺς
714 424 726 440 ,
762 390 822 434 ἔτι
854 389 895 433 δὲ
927 388 1134 443 μειούρους
1154 421 1165 437 ,
1203 383 1433 442 Ξενοφάνης
1466 384 1508 430 δὲ

46 472 116 518 καὶ
149 473 290 519 Σόλων
324 471 394 515 καὶ
434 470 606 523 Θέογνις
649 469 718 513 καὶ
752 469 986 520 Φωκυλίδης
1004 503 1016 519 ,
1051 468 1111 513 ἔτι
1150 468 1192 512 δὲ
1220 466 1456 522 Περίανδρος
1487 462 1509 509 ὃ

44 553 238 608 Κορίνθιος
271 552 543 605 ἐλεγειοποιὸς
571 550 640 594 καὶ
669 554 747 594 τῶν
771 552 921 593 λοιπῶν
952 550 986 593 οἱ
1013 550 1072 602 μὴ
1097 548 1373 604 προςαγοντες
1411 547 1509 601 πρὸς

41 634 101 678 τὰ
127 636 347 687 ποιήματα
370 632 601 686 μελῳδίαν,
638 632 848 674 ἐκπονοῦσι
880 630 975 679 τοὺς
1006 631 1179 684 στίχους
1206 635 1291 678 τοῖς
1322 628 1508 683 ἀριθμοῖς

44 714 112 757 καὶ
140 722 192 769 τῇ
224 713 343 765 τάξει
374 717 453 756 τῶν
487 711 644 766 μέτρων
661 745 673 760 ,
719 711 789 754 καὶ
817 714 1037 754 σκοποῦσιν
1068 708 1176 759 ὅπως
1203 711 1338 753 αὐτῶν
1365 707 1508 762 μηδεὶς

0 795 4 834 Ρῖ
43 794 259 851 ἀκέφαλος
291 793 409 837 ἔσται
447 794 556 844 μήτε
587 791 774 845 λαγαρὸς
805 792 914 842 μήτε
945 791 1155 844 μείουρος,
1198 799 1240 833 et
1275 790 1509 834 Pausaniae

0 871 2 919 ξ
44 874 141 917 loco
167 875 201 917 X
218 905 231 926 ,
257 877 299 917 7.
333 876 377 917 3.
409 870 649 926 προςέθεσαν
675 872 711 913 οἱ
736 869 1043 925 Ἀμφικτύονες
1067 869 1136 912 καὶ
1162 869 1368 924 αὐλῳδίας
1392 870 1507 922 0291&-

41 969 170 1006 νισμα
197 952 269 996 καὶ
294 954 430 995 αὐλῶν
446 964 458 976 ·
485 949 814 1005 ἀνηγορεύθησαν
841 949 883 993 δὲ
910 954 1096 998 νικῶντες
1123 951 1327 1004 Κεφαλήν
1343 966 1391 992 τε
1415 955 1506 992 Με-

42 1033 237 1086 λάμπους
263 1031 477 1087 κιθαρῳδίᾳ
503 1030 573 1074 καὶ
608 1030 788 1085 αὐλῳδὸς
821 1030 976 1084 Ἀρκὰς
1009 1029 1298 1084 Ἐχέμβροτος
1312 1063 1324 1079 ,
1359 1029 1506 1074 Σακοέό

42 1115 116 1164 δας
146 1115 188 1158 δὲ
222 1115 411 1168 Ἀργεῖος
442 1112 511 1155 ἐπὶ
542 1115 628 1160 τοῖς
671 1113 814 1159 αὐλοῖς
835 1125 846 1135 ·
877 1136 940 1143 -
969 1109 1140 1166 δευτέρα
1170 1110 1212 1153 δὲ
1243 1109 1414 1153 Πυθιοὶδι
1446 1135 1507 1142 —

42 1197 244 1251 αὐλῳδίαν
283 1194 546 1243 κατέλυσαν,
576 1192 861 1244 καταγνόντες
902 1193 975 1235 ὀὐκ
1001 1188 1104 1234 εἶναι
1136 1193 1183 1235 τὸ
1209 1190 1406 1244 ἄκουσμα
1438 1191 1507 1235 εὔ-

42 1281 206 1332 φημον·
240 1278 264 1327 ἦ
291 1275 376 1329 γὰρ
401 1273 585 1329 αὐλῳδία
606 1273 801 1326 μελέτη
828 1289 882 1316 τε
915 1271 968 1324 ἦν
1001 1274 1166 1316 αὐλῶν
1199 1271 1264 1315 τα
1297 1272 1506 1325 σκυθρωί-

44 1356 269 1406 πιότατα,
314 1354 398 1398 καὶ
440 1355 657 1406 ἐλεγεῖα
693 1353 776 1397 καὶ
815 1354 977 1412 θρῆινοι
1014 1351 1366 1408 προςᾳδόμενα
1400 1357 1506 1401 τοῖς

43 1438 217 1486 αὐλοῖς
236 1451 246 1462 ·
280 1440 480 1491 μαρτυρεῖ
503 1436 546 1478 δέ
579 1451 648 1487 μοι
682 1434 752 1478 καὶ
776 1437 848 1478 τοῦ
877 1432 1170 1488 Ἐχεμβρότου
1201 1434 1248 1477 τὸ
1278 1433 1504 1487 ἀνάθημα,

43 1518 207 1571 τρίπους
246 1520 435 1570 χαλκοῦς
467 1514 679 1563 ἀνατεθεὶς
717 1515 773 1568 τῷ
811 1516 1013 1568 Ἡρακλεῖ
1033 1514 1090 1567 τῷ
1117 1515 1159 1557 ἐν
1187 1514 1380 1567 Θήβαις,
1415 1515 1506 1558 ἐπί·

45 1613 228 1651 γραμμα
250 1596 292 1640 δὲ
313 1597 333 1639 ὅ
357 1596 522 1650 τρίπους
554 1593 670 1649 εἶχεν
686 1610 696 1620 ·

284 1675 571 1730 Ἐχέμβροτος
598 1675 752 1730 Ἀρκὰς
777 1673 893 1724 ἔθηκε
919 1675 977 1728 τῷ
1001 1674 1203 1729 Ἡρακλέϊ

163 1758 331 1810 νικήσας
357 1756 442 1801 τόδ’
469 1755 642 1810 ἄγαλμ’
670 1754 986 1811 Ἀμφικτυόνων
1012 1757 1054 1798 ἐν
1079 1755 1262 1806 ἀέθλοις,

279 1838 528 1887 ’Ἕλλησιν
559 1837 603 1880 δ’
634 1836 740 1892 ᾄδων
770 1836 906 1889 μέλεα
938 1835 1007 1879 καὶ
1041 1819 1225 1888 ἕλέγοῦς.

45 1919 95 1963 In
127 1934 212 1978 quo
241 1918 335 1961 loco
362 1933 496 1977 quum
527 1917 608 1960 alia
636 1932 712 1960 nos
739 1925 988 1968 morantur,
1024 1925 1114 1960 tum
1139 1918 1228 1975 ipsa
1258 1917 1505 1976 inscriptio-

45 2000 110 2043 nis
139 1998 263 2042 verba
284 2030 297 2052 ,
342 2013 452 2058 quae
486 1999 528 2041 in
561 1996 736 2041 distichi
769 1996 946 2055 elegiaci
985 1996 1167 2051 formam
1201 1996 1396 2055 redigere
1431 2013 1505 2042 co—

46 2080 134 2123 nati
159 2087 258 2123 sunt
283 2079 362 2122 viri
391 2078 534 2130 docti,
569 2087 616 2121 ut
639 2078 783 2137 priora
809 2092 1009 2121 versuum
1033 2078 1222 2122 numeris
1250 2087 1374 2121 exuta
1401 2079 1501 2123 sint.‘

45 2159 154 2203 Mihi
190 2174 289 2202 vero
332 2157 438 2201 haee
479 2160 568 2217 ipsa
611 2158 736 2201 verba
779 2158 974 2209 ἐλεγείων
1002 2159 1392 2211 μεμελοποιημένων
1425 2175 1506 2203 nu-

47 2240 172 2284 meris
200 2238 397 2282 videntur
427 2252 514 2280 esse
546 2237 776 2288 adstricta,
814 2248 859 2281 ut
902 2239 1062 2296 primus
1092 2241 1330 2298 tertiusque
1363 2256 1505 2285 versus

48 2321 303 2380 pentametri
330 2333 478 2361 sonum
514 2318 754 2376 legitimum
799 2319 987 2362 referant
1029 2335 1111 2363 non
1145 2320 1290 2378 digitis
1321 2321 1392 2364 sed
1428 2336 1505 2364 nu-

47 2401 165 2444 ribus
195 2400 474 2445 metiendum.
538 2398 623 2443 Sed
652 2400 694 2442 in
729 2399 855 2442 tertio
886 2400 1012 2444 lectio
1038 2402 1105 2444 vix
1137 2417 1236 2444 sana
1262 2410 1340 2445 est.
1395 2403 1504 2446 Nam

47 2470 256 2542 particula
283 2480 325 2524 δέ
342 2481 508 2539 inepta,
545 2494 675 2539 quum
708 2479 936 2524 dicendum
966 2481 1144 2526 fuisset:
1181 2483 1348 2534 νικήσας
1373 2483 1500 2539 ᾄδων,

49 2571 96 2607 ut
122 2564 301 2612 ἐνίκησεν
324 2562 429 2617 ᾄδων
453 2560 566 2621 apud
598 2562 777 2605 Pausan.
804 2561 838 2605 X
858 2595 869 2614 ,
902 2564 943 2607 7.
978 2565 1022 2607 2.
1072 2565 1127 2607 Et
1159 2563 1502 2619 Echembrotus,

51 2658 175 2702 quem
201 2652 371 2702 poetam
397 2642 523 2684 fuisse
539 2657 588 2685 ex
613 2640 695 2685 hoc
712 2629 808 2684 loeo
826 2642 1054 2687 Pausaniae
1081 2660 1164 2687 non
1186 2655 1302 2689 recte
1319 2647 1505 2690 effecisse

51 2722 217 2767 videtur
258 2722 488 2768 Muellerus
518 2723 631 2766 Hist.
663 2723 752 2767 Lit.
787 2723 863 2767 Gr.
896 2731 930 2768 t.
961 2725 998 2769 Ι.
1033 2741 1077 2784 p.
1100 2728 1198 2770 188.
1235 2727 1292 2771 cl.
1325 2744 1370 2787 p.
1399 2731 1503 2775 292.

51 2802 188 2862 elegos
216 2813 260 2848 et
297 2804 528 2848 cantilenas
570 2804 682 2846 tibiis
726 2803 992 2847 succinuerat
1024 2814 1065 2848 et
1101 2821 1149 2849 ex
1181 2805 1264 2849 hoc
1301 2808 1508 2853 auloedo-

55 2899 146 2928 rum
177 2886 405 2929 certamine
437 2885 675 2944 praemium
709 2884 929 2929 retulerat.
996 2887 1266 2945 Quapropter
1303 2888 1502 2934 tibiarum

1171 2965 1199 3006 4
