1794 3412
645 272 908 313 -161-·

38 399 187 452 τέμοις,
233 397 346 457 quod
392 411 489 440 sane
531 397 656 456 piscis
695 405 872 440 naturae
913 397 1295 442 accommodatum.
1367 395 1496 441 Versu

37 479 171 523 altero
197 486 450 539 corruptum
480 486 541 521 est
579 482 758 532 πρῶτον,
794 493 890 521 nam
920 476 1025 521 haec
1056 476 1219 521 concha
1246 475 1396 522 haberi
1422 494 1496 523 ne·

39 561 132 620 quit
176 562 376 620 princeps
410 576 512 620 prae
540 560 632 603 aliis
676 561 718 602 in
763 558 845 602 hoc
884 560 1060 602 Veneris
1103 558 1264 619 templo
1304 559 1498 604 dedicata

38 656 142 686 esse.
207 642 280 686 Vs.
317 644 361 687 6.
410 639 634 684 emendato
671 641 726 682 ab
767 640 1013 683 Hermanno
1053 640 1218 700 optime
1245 641 1495 686 scribetur:

0 707 2 787 ζ
35 719 103 776 ᾧτ’
145 722 250 777 ἔργῳ
282 722 466 775 τοῦνομα
495 736 536 765 er.
602 722 674 766 Vs.
702 724 745 766 7.
790 736 875 764 non
918 719 1130 781 intelligo*
1149 721 1256 782 quid
1292 723 1348 766 sit
1385 723 1498 772 θῖνας

36 802 266 852 Ἰουλίδας,
298 817 378 862 pro
410 816 497 862 quo
535 802 607 845 alii
644 809 796 861 poetae
834 814 1008 845 manum
1049 802 1279 861 genuinam
1308 812 1501 864 praesta-

38 884 162 927 bunt.
226 883 300 927 Vs.
334 885 403 927 10.
447 897 526 942 pro
558 886 716 935 νοτερῆς
757 881 942 925 libenter
975 896 1226 940 reponerem
1265 889 1411 939 γοερῆς
1437 905 1498 918 —-·

33 962 248 1012 ἁλκυόνης.
312 961 397 1006 Sed
437 962 562 1021 longe
605 960 871 1020 ineptissime
904 960 1102 1004 extulisse
1139 963 1357 1021 putandus
1387 963 1499 1008 foret

33 1052 158 1103 poeta
196 1044 447 1087 sententiam
481 1043 524 1086 in
557 1043 645 1086 line
674 1042 1022 1101 epigrammatis,
1056 1042 1091 1085 si
1130 1057 1277 1087 revera
1314 1043 1497 1090 Selenen

34 1122 130 1168 ideo
151 1138 175 1166 a
199 1123 364 1167 Venere
389 1123 544 1182 gratias
569 1123 652 1166 sibi
678 1120 971 1182 rependendas
998 1131 1214 1182 precatam
1247 1123 1352 1168 fecit
1379 1125 1496 1185 quod

31 1203 212 1263 Smyrna
243 1213 351 1248 esset
383 1203 577 1247 oriunda.
642 1203 750 1250 Mihi
779 1202 932 1247 idonea
966 1205 1175 1249 sententia
1205 1206 1402 1250 restituta
1432 1208 1496 1250 vi-

33 1284 184 1337 detur,
217 1291 438 1329 correcto:

715 1362 794 1409 οἶδε
826 1365 912 1420 γὰρ
942 1365 1074 1409 ἐσθλαὶ

271 1445 394 1500 ῥέζειν
426 1447 450 1495 ἦ
483 1444 671 1499 Σμύρνης
703 1444 804 1494 εἴτις
834 1446 914 1488 ἀπ’
939 1446 1140 1495 Αἰολίδος.

32 1526 184 1572 Selene
225 1526 338 1569 enim
375 1540 483 1569 nova
515 1533 647 1584 nupta
685 1541 786 1585 prae
827 1527 1003 1571 caeteris
1035 1525 1290 1572 mulieribus
1315 1511 1359 1573 et
1389 1529 1497 1574 civi-

33 1607 111 1649 bus
146 1605 388 1664 Smyrnaeis
425 1604 585 1649 bonum
611 1614 863 1665 rectumque
890 1606 1032 1650 colere
1058 1606 1332 1667 perhibetur.
1385 1598 1496 1655 'cal-

30 1686 206 1731 limachi
245 1702 379 1731 unum
423 1686 551 1730 vertit
591 1687 848 1746 epigramma
886 1687 1088 1732 Horatius
1117 1688 1157 1734 1.
1189 1689 1282 1736 Sat.
1314 1693 1356 1736 2.
1393 1693 1495 1738 105.

32 1769 214 1812 alterum
253 1768 305 1823 Q·
339 1766 516 1812 Catulus
556 1766 667 1826 apud
717 1767 828 1812 Gell.
862 1767 996 1821 XIX,
1032 1771 1072 1813 9.
1126 1770 1300 1815 tertium
1342 1772 1496 1816 Latine

30 1863 278 1893 conversum
308 1848 461 1907 legitur
486 1849 530 1890 in
558 1848 785 1892 Catalectis
814 1849 965 1908 Virgil.
984 1850 1112 1901 XIV,
1147 1867 1192 1910 p.
1212 1854 1318 1897 346.
1350 1853 1496 1898 Teub-

32 1945 156 1981 ner.,
206 1937 406 1989 quartum
449 1930 650 1987 expressit
694 1929 871 1972 Helvius
912 1929 1048 1974 Cinna
1090 1931 1133 1974 in
1179 1931 1360 1977 Anthol.
1393 1934 1491 1980 Lat.

30 2019 62 2056 t.
85 2010 124 2055 I.
156 2025 201 2070 p.
228 2013 329 2053 440.

87 2089 309 2135 Secundus
349 2098 444 2149 post
472 2088 733 2148 Meleagrum
767 2089 1070 2151 Anthologiae'
1091 2091 1290 2138 conditor
1334 2097 1493 2141 exstitit

29 2170 255 2230 Philippus
295 2169 682 2214 Thessalonicensis
724 2171 811 2213 sive
839 2170 1050 2223 Macedo,
1091 2174 1179 2231 qui
1204 2189 1248 2218 se
1276 2175 1406 2235 plane
1438 2180 1490 2222 ad

33 2251 236 2310 Meleagri
274 2250 487 2309 exemplar
521 2249 806 2309 Anthologiae
840 2253 1028 2296 carmina
1069 2253 1289 2314 digessisse
1328 2259 1490 2317 profes*

31 2348 100 2376 sus
131 2340 195 2376 est
226 2331 360 2376 Anth.
395 2331 486 2375 Pal.
510 2331 599 2382 IV,
633 2333 673 2374 2.
710 2345 838 2390 quam
865 2331 1058 2378 Coronae
1084 2336 1394 2394 praefationem
1417 2339 1487 2383 hic

30 2427 240 2473 apponam
270 2412 507 2470 integram:
1027 2406 1033 2415 ”

142 2492 299 2537 ’Άνθεαέ
329 2509 390 2536 σοι
421 2491 574 2547 δρέψας
607 2493 824 2536 Ἑλικώνιαι
841 2527 854 2542 ,
888 2495 957 2538 καὶ
990 2497 1274 2552 κλυτοδένδρου

266 2573 431 2627 Πιερίας
462 2574 598 2627 κείρας
630 2573 921 2628 πρωτοφύτους
953 2576 1142 2627 κάλυκας
1161 2613 1174 2628 ,

147 2653 217 2696 καὶ
250 2653 407 2704 asmo.-
434 2658 576 2707 νεαρῆς
599 2653 766 2712 'aspinae
798 2654 966 2709 στάχυν
989 2658 1286 2712 ἀντικνὲπλεξαι

264 2739 348 2784 τοῖς
380 2734 678 2788 Μελεαγρείοις
711 2736 762 2783 ὦς
794 2735 927 2780 ἴκελον
958 2738 1195 2794 στεφάνοις.

147 2814 265 2859 ἀλλὰ
298 2813 579 2869 παλαιοτέρων
611 2815 720 2864 εἰδὼς
752 2815 895 2865 κλέος,
929 2817 1047 2861 {aaz}
1075 2820 1271 2873 Κάμιλλε

265 2898 382 2947 γνῶθι
412 2897 480 2940 καὶ
511 2897 734 2951 ὁπλοτέρων
768 2900 839 2947 τὴν
869 2899 1167 2954 ὀλιγοστιχίην.

1129 2982 1172 3022 ll
