1794 3412
902 247 1167 286 -154—

287 381 358 425 *ro
391 365 620 408 calcaribus
660 365 837 407 nimium
877 365 1035 417 abusu,
1070 382 1153 410 non
1185 367 1430 413 mutandum
1472 370 1596 414 soret.
1658 372 1739 416 Sed

310 452 493 502 praestat
518 444 754 501 corrigere:

543 523 631 573 ἥτις
661 525 926 577 κεντροραγὴς
952 525 1147 575 βαλοῦσα
1177 526 1310 569 παῖδα

424 603 529 654 ψιλὴ
559 603 696 656 λευρὸν
727 601 839 646 ἔθυσε
869 602 958 656 περὶ
990 602 1143 656 δρόμον.
1784 662 1785 666 ¹

308 679 366 723 Ut
389 693 521 738 equus
548 680 712 724 dicatur
737 681 970 724 calcarihus
998 682 1203 725 laceratus
1230 698 1332 727 esse.
1394 683 1530 728 Metro
1558 684 1639 729 hoc
1668 685 1742 730 de·
1786 688 1788 690 ’

309 757 370 801 dit
400 767 524 817 poeta
558 767 604 803 ut
637 759 759 803 litera
793 776 814 814 ρ
841 776 925 804 non
953 761 1162 818 geminata
1200 768 1406 807 uteretur.
1471 762 1540 806 vs.
1572 768 1612 808 5,
1648 779 1742 810 vere
1786 784 1788 820 j

304 837 454 896 procul
479 836 612 881 dubio
638 838 751 897 quod
773 838 825 881 ad
857 840 1106 882 sententiam
1133 839 1347 885 Iacobsius
1372 841 1579 887 coniecit:
1610 844 1739 896 Ἀμυ-

307 921 477 961 κλαῖται
511 917 745 970 βασιλῆες,
780 917 894 976 quod
934 924 1078 962 metro·
1105 934 1336 977 congruum
1368 920 1551 965 reddidit
1583 922 1740 966 Meine-

306 995 397 1038 kius
435 996 619 1055 scripto:
667 997 959 1048 Ἀμυκλαΐδαι.
1019 996 1155 1056 quue
1188 998 1242 1042 de
1281 998 1531 1056 Tyndaridis
1570 1003 1741 1060 proprie

304 1074 484 1120 dictum.
544 1074 628 1119 Sed
660 1075 835 1119 offendit
865 1075 1000 1119 hiatus
1024 1078 1083 1121 ‘in
1117 1077 1251 1120 verbis
1289 1078 1403 1122 παιδὶ
1435 1080 1738 1131 Ἀμυκλαΐδαι,

306 1168 435 1213 quare
461 1153 754 1214 praecedentia
783 1169 953 1213 quoque
983 1163 1181 1215 corrupta
1206 1165 1328 1214 puto.

363 1233 415 1277 In
442 1234 620 1276 nutricis
651 1233 890 1292 sepulcrum
919 1234 1136 1293 inscriptio
1167 1236 1318 1278 merito
1349 1236 1527 1294 pessima
1558 1252 1580 1282 a
1606 1237 1740 1282 Boec-
1787 1273 1789 1276 Α

305 1311 406 1355 khio
445 1311 557 1355 dicta
599 1311 751 1370 legitur
798 1312 841 1355 in
885 1311 934 1357 C.
967 1309 1003 1356 I.
1050 1328 1095 1357 n.
1133 1315 1236 1358 808.
1278 1328 1320 1359 V.
1364 1314 1583 1361 Welcker.
1628 1315 1738 1373 Syll.

304 1407 348 1450 p.
371 1393 444 1437 20.
464 1423 476 1442 ,
509 1391 611 1434 item
643 1390 724 1433 alia
750 1390 861 1433 edita
887 1391 931 1433 in
956 1391 1065 1436 Mus.
1094 1391 1234 1436 Rhen.
1263 1394 1392 1436 1845.
1424 1409 1472 1451 p.
1500 1396 1603 1440 235.
1637 1398 1679 1441 3.

421 1468 587 1513 Ἐνθοὶδε
617 1474 675 1520 γῆ
706 1468 878 1522 κατέχει
903 1470 1041 1519 τιτθὴν
1068 1469 1223 1513 παίδων
1249 1470 1465 1523 Διογείτου

539 1548 585 1589 ἐκ
614 1548 917 1598 Πελοποννήσου
941 1547 1058 1598 τήνδε
1084 1548 1357 1599 δικαιοτάτην.

303 1626 426 1673 Unde
448 1626 786 1678 demonstratur,
818 1628 854 1670 si
877 1629 1133 1686 argumentis
1158 1627 1211 1674 ad
1239 1617 1348 1672 hanc
1376 1643 1541 1674 causam
1566 1631 1738 1675 firman-

301 1707 398 1751 dam
430 1721 536 1766 opus
562 1715 622 1750 est
640 1739 653 1759 ,
684 1721 733 1751 ex
766 1707 902 1766 cippis
924 1706 1134 1766 descripta
1160 1722 1247 1752 esse
1269 1709 1453 1755 carmina
1483 1710 1739 1756 Dioscuridis

304 1787 358 1830 Α.
395 1786 444 1832 Ρ.
473 1786 587 1836 VII,
635 1788 736 1830 456.
784 1785 1036 1830 Callimachi
1079 1800 1120 1832 c.
1157 1787 1273 1837 458,
1316 1794 1358 1832 et
1398 1786 1615 1834 Theocriti
1651 1789 1737 1835 sive

303 1864 515 1909 Leonidae
545 1866 757 1908 Tarentini
788 1879 826 1908 c.
854 1867 958 1909 663.

536 1947 586 1987 Ὅ
609 1943 757 1995 μικκὸς
788 1941 870 1985 τόδ’
900 1941 1039 1992 ἔτευξε
1070 1947 1127 1997 τᾷ
1158 1943 1338 1998 operam

418 2021 592 2073 Μήδειος
617 2021 663 2064 τὸ
688 2023 822 2074 μνᾶμ’
848 2020 915 2063 ἐπὶ
945 2025 1002 2075 τᾷ
1028 2020 1100 2073 ὃδῷ
1131 2019 1376 2074 κήκ-ἔγραψε
1406 2023 1584 2072 Κλείτας
1604 2039 1614 2049 ·

534 2099 621 2151 ἑξεῖ
641 2099 721 2142 ταν
746 2097 870 2152 χάριν
899 2098 930 2141 οἱ
955 2098 1065 2150 you&
1090 2100 1181 2142 ἀντ’
1211 2099 1368 2143 ἐκείνων

416 2179 468 2224 ὧν
491 2180 561 2224 τὸν
592 2183 710 2232 κῶρον
737 2177 877 2233 ἔθρεψε
908 2178 950 2222 τί
975 2176 1082 2230 μανς
1115 2176 1175 2221 ὅτι
1205 2180 1393 2233 χρησίμα
1423 2187 1615 2238 τελευτᾷ.

297 2260 493 2304 Sua-viter
524 2273 630 2318 puer
659 2257 822 2302 Medius
851 2259 939 2315 ipse
981 2257 1063 2302 hoc
1104 2258 1347 2316 sepulcrum
1394 2262 1553 2303 nutrici
1590 2261 1735 2304 condi-

298 2338 407 2382 disse
437 2347 479 2381 et
519 2338 775 2397 epigramma
817 2337 1072 2395 inscripsisse
1108 2338 1302 2395 fingitur.
1363 2338 1559 2382 Nutrices
1593 2349 1734 2384 autem

296 2433 345 2462 ex
376 2417 667 2476 Peloponneso
697 2426 739 2460 et
766 2430 812 2459 ex
840 2415 1017 2458 Thracia
1044 2423 1189 2474 petere
1219 2415 1406 2459 solebant
1430 2417 1597 2462 Graeci.
1644 2419 1734 2464 Ua·-

296 2495 350 2539 de
378 2495 664 2555 repetendum*
686 2501 791 2553 puto
821 2493 934 2551 quod
965 2494 1116 2536 mulier
1154 2493 1329 2538 Thracia
1357 2495 1534 2540 oriunda
1561 2496 1732 2542 Themi-

295 2575 438 2620 stoclis
477 2575 635 2619 dicitur
667 2575 794 2617 fuisse
834 2581 996 2624 mater,
1029 2588 1136 2631 quae
1175 2575 1257 2618 fuit
1289 2576 1376 2618 eius
1411 2577 1583 2627 nutrix,
1616 2577 1728 2635 apud

296 2654 454 2700 Athen.
482 2653 619 2706 XIII,
655 2655 738 2697 476
772 2651 819 2696 G.
854 2651 923 2695 καὶ
955 2651 1077 2701 αὐτὸς
1107 2659 1390 2705 Θεμιστοκλῆς
1421 2653 1466 2706 ἐξ
1496 2654 1658 2710 ἑταίρας
1686 2655 1730 2706 ἦν

294 2733 563 2787 γεγενημένος
582 2767 594 2783 ,
641 2731 767 2784 ὄνομα
803 2730 1069 2786 *Αβροτόνοω
1102 2735 1154 2781 ὥς
1192 2733 1480 2789 Ἀμφικράτης
1513 2735 1663 2790 ἱστορεῖ
1689 2736 1729 2778 ἐν

292 2817 347 2870 τῷ
373 2815 462 2869 περὶ
493 2811 654 2864 ἐνδόξων
682 2813 827 2866 ἀνδρῶν
850 2812 1183 2867 συγγράμματι·
