1794 3412
962 251 1165 290 ...g-

353 366 507 425 pando.
570 368 647 411 Per
687 376 942 412 contemtum
975 371 1130 428 igitur,
1176 379 1220 413 ut
1248 379 1290 412 et
1320 373 1492 414 caeteris
1534 373 1771 416 nominibus

351 445 557 490 adiectiva
595 445 768 499 addita,
800 447 954 504 quibus
985 449 1227 505 cynicorum
1266 450 1536 494 instrumenta
1573 450 1771 494 sordidis-

350 524 451 565 sima
488 522 680 567 babuisse
721 525 879 567 dicitur
921 524 1156 578 Sochares,
1200 526 1394 570 baculum
1433 529 1606 587 fingitur
1645 529 1771 572 fuisse

348 601 455 643 rude
490 600 652 657 lignum
691 602 815 660 quale
855 602 1030 646 bubulci
1070 612 1246 662 gestant.
1311 605 1447 649 Aliam
1474 605 1653 650 nominis
1683 608 1770 650 for-

347 693 458 720 mam
487 679 662 721 servavit
697 679 959 737 Hesychius:
993 682 1022 724 02
1053 682 1663 739 καλαυρόπις,ῑκαλλίραβδος,
1697 686 1771 729 ubi

346 755 611 801 Lobeckius:
646 757 916 812 καλόρραπις,
950 760 1196 820 Pathol..p.
1223 765 1339 807 260..
1358 764 1568 809 Praestat}
1601 765 1769 814 ἧκαλό-

344 825 522 888 ραβδοξ,
557 836 670 894 quod
709 852 756 880 ex
787 837 934 881 codice
970 839 1159 886 Parisino
1199 841 1500 885 restituendum
1542 843 1586 885 in
1626 842 1770 888 Schol.

345 914 429 972 Ap.
461 914 544 960 Rh.
571 915 659 967 lv,
686 918 786 960 974.
831 917 946 960 Haec
972 918 1130 961 scilieet
1150 920 1350 963 'vocabuli
1375 921 1625 980 etymologia
1652 921 1769 965 vide-

343 993 467 1035 batur
483 995 761 1052 grammaticis
791 996 863 1038 diu
894 1004 989 1040 ante
1017 998 1276 1042 Lobeckium
1295 1032 1306 1048 .
1333 1002 1406 1058 qui
1432 1014 1522 1044 eam
1551 1015 1719 1059 quoque
1746 1016 1768 1043 a

344 1073 468 1114 κοῖλον
500 1074 702 1131 repetiit,
749 1075 866 1118 cuius
910 1077 1045 1134 prima
1084 1076 1242 1134 syllaba
1286 1078 1535 1136 producitur
1579 1081 1767 1137 quaein

343 1154 559 1205 καλαῦροψ
591 1154 833 1211 corripitur.
870 1154 1091 1214 Sedapud
1116 1156 1294 1199 eundem
1323 1156 1602 1214 Hesychium,
1625 1174 1666 1203 v,
1693 1174 1767 1201 κα-

342 1230 564 1285 λαυρόφις,
597 1217 914 1287 βακτηριοφόρος
941 1235 1108 1278 malim:
1142 1234 1402 1289 καλόρραπις.
1466 1236 1590 1294 Apud
1616 1237 1769 1280 Leoni-

341 1308 450 1351 dam·
473 1317 612 1352 autem
655 1319 795 1354 utrum
834 1312 1125 1367 καλαυρόπινον
1151 1314 1359 1362 scribatur
1390 1329 1441 1356 an
1475 1314 1769 1368 καλαυρσπικόν

340 1386 448 1433 nihil
493 1389 681 1434 interest.
726 1391 815 1434 .vs.
855 1395 881 1434 3
917 1406 1064 1450 parum
1104 1401 1216 1435 recta
1260 1402 1322 1436 est
1362 1394 1652 1452 interpretatio
1698 1395 1767 1437 Ia·

341 1468 504 1513 cobsii:
551 1469 707 1513 collare
749 1471 837 1513 sine
877 1471 1036 1523 clavis3
1074 1480 1120 1514 ut
1149 1472 1253 1515 adeo
1287 1487 1334 1515 ex
1374 1473 1454 1515 hoc
1491 1473 1585 1515 loco
1624 1473 1766 1530 colligi

338 1547 470 1604 possit
501 1547 625 1591 fuisse
664 1548 835 1605 cynicos
873 1550 948 1605 qui
990 1564 1075 1606 quo
1105 1550 1234 1606 magis
1272 1549 1444 1592 canibus
1479 1558 1619 1593 essent
1649 1551 1767 1594 simi-

339 1623 427 1676 les,
473 1624 619 1668 collari
658 1625 859 1668 instructi
888 1627 1149 1670 incederent.
1211 1627 1269 1670 At
1294 1631 1488 1681 κυνοῦχος
1517 1628 1766 1682 ἀχαλκεύτοις

337 1710 399 1746 est
444 1708 728 1763 marsupium
766 1708 958 1747 nummis·
998 1721 1184 1748 vacuum
1205 1738 1216 1757 ,
1263 1695 1402 1764 qualex
1433 1706 1629 1754 hominis·
1655 1708 1765 1751 fame

335 1784 473 1825 enecti
503 1783 632 1827 fuisse
649 1792 987 1827 consentaneum
1017 1793 1093 1828 est.

338 1862 526 1904 Tertium
557 1861 742 1905 eiusdem
782 1862 995 1906 Leonidae
1026 1863 1309 1921 epigramma,
1349 1874 1434 1922 quo
1471 1865 1517 1908 in·
1545 1866 1763 1909 inimicum

338 1940 489 1996 probra
521 1940 732 1993 coniecit,
766 1940 917 1998 legitur
948 1942 1002 1986 A.
1033 1942 1080 1985 Ρ.
1108 1942 1197 1992 VI,
1230 1944 1332 1986 305.

454 2019 702 2073 Λαβροσύνᾳ
731 2018 831 2062 τάδε
862 2020 963 2073 δῶρα
994 2020 1319 2074 φιλευχύλῳ
1347 2037 1394 2063 τε
1426 2025 1653 2075 Λαφυγμῷ

571 2091 719 2147 θήκαῖτο
749 2097 922 2151 δεισόζου
953 2098 1130 2152 Δωριέως
1161 2098 1386 2153 memenich*

453 2177 529 2223 τὼς
561 2177 790 2230 Λαρισαίοις
821 2176 1208 2230 βουγάστορας
1241 2178 1445 2230 ἑφητῆρας

570 2254 638 2296 καὶ
670 2254 829 2308 χύτρας
861 2254 929 2297 καὶ
961 2256 1040 2297 ταν
1069 2255 1272 2309 εὐρυχαδῆ
1304 2255 1481 2305 κύλικα,

451 2333 520 2375 καὶ
551 2334 630 2376 ταν
660 2333 925 2386 εὐχάλικωτον
955 2335 1219 2387 ε’ΰγναμπτόν
1249 2352 1295 2378 τε
1326 2335 1526 2388 κρεάγραν

533 2430 537 2436 ⁴
569 2412 637 2454 καὶ
669 2419 831 2462 κνῆστιν
863 2413 931 2455 καὶ
962 2414 1041 2456 τάν
1071 2414 1264 2457 ἐτνοδόνον
1293 2415 1484 2467 τορύναν·

449 2492 722 2545 Λαβροσύνα,
756 2493 806 2535 σὺ
837 2492 879 2535 δὲ
909 2496 1048 2536 ταῦτα
1079 2496 1204 2537 κακοῦ
1235 2494 1347 2536 κακὰ
1377 2494 1588 2548 δωρητῆρος

569 2569 796 2621 δεξαμένα,
830 2571 989 2621 νεύσαις
1019 2574 1078 2623 μή
1109 2589 1216 2615 ποκα
1246 2573 1517 2627 σωφροσύναν.

332 2647 552 2691 llelluonis
596 2664 748 2692 nomen
780 2650 906 2694 fuisse
953 2653 1124 2705 Δωριεύς
1158 2653 1357 2710 sagaciter
1399 2652 1607 2710 perspexit
1653 2652 1754 2695 Mei-

332 2727 669 2774 nekiusnelect.
700 2745 744 2786 p.
778 2731 875 2773 116.
912 2742 1006 2773 ante
1037 2745 1160 2790 quem
1187 2730 1417 2776 edebatur:
1451 2730 1639 2782 Δεισόζου
1666 2738 1751 2773 Δω-

331 2803 461 2859 ριέως,
498 2822 675 2865 quorum
708 2807 812 2851 illud
840 2824 990 2853 nomen
1009 2843 1020 2862 ,
1052 2809 1132 2854 hoc
1157 2810 1311 2868 gentile
1338 2809 1547 2852 habebant
1573 2810 1650 2851 viri
1679 2809 1757 2852 do-
