1794 3412
824 896 985 952 LIBER
1017 894 1299 951 SECUNDUS.

591 1083 726 1127 Noun
756 1096 931 1128 murman
962 1098 1001 1127 m
1033 1085 1314 1129 EPmRAMMArA
1345 1083 1516 1127 Gch.

400 1648 513 1693 Hinc
553 1649 852 1708 epigrammata
890 1647 1183 1694 emendatione
1221 1649 1264 1692 in
1303 1649 1510 1707 integrum
1555 1646 1774 1694 restituere

342 1727 552 1780 conabor,
601 1727 793 1772 ordinem
832 1728 1039 1773 librorum
1077 1727 1358 1787 Anthologiae
1403 1726 1614 1771 Palatinae
1654 1739 1773 1768 secu-

341 1815 423 1852 tus.
485 1807 536 1851 In
580 1822 662 1866 qua
702 1815 798 1867 post
841 1807 998 1851 librum
1042 1808 1226 1866 primum
1270 1820 1355 1865 quo
1397 1804 1690 1863 inscriptiones
1730 1811 1774 1847 et

341 1887 641 1945 epigrammata
679 1885 943 1939 Χριστιανικοί
983 1886 1223 1945 complexus
1258 1893 1320 1928 est
1358 1883 1593 1943 Cephalus,
1637 1890 1680 1925 et
1709 1897 1772 1926 se-

341 1964 526 2008 cundum
558 1978 666 2023 quae
693 1971 757 2007 est
793 1963 1059 2008 christodori
1089 1963 1313 2021 Ecphrasis
1331 1993 1344 2007 .
1374 1963 1558 2020 primum
1589 1961 1633 2004 in
1661 1960 1772 2004 libro

341 2044 484 2088 Tertio
513 2042 637 2086 nobis
667 2051 897 2086 occurrunt
934 2042 1235 2101 epigrammata
1275 2038 1536 2098 undeviginti
1567 2038 1773 2096 Cyzicena

341 2138 450 2183 quae
473 2120 747 2165 multifariam
773 2128 971 2179 corrupta
1002 2119 1102 2163 olim
1137 2119 1296 2163 maiore
1325 2118 1464 2161 studio
1487 2117 1556 2160 sed
1581 2117 1652 2161 hic
1683 2118 1772 2160 illic

339 2202 478 2245 minus
516 2199 698 2244 feliciter
738 2198 961 2243 emendare
998 2206 1171 2242 conatus
1208 2212 1317 2241 sum.
1391 2196 1487 2240 Alia
1520 2197 1622 2240 vitia
1659 2205 1772 2241 certa

341 2295 470 2325 manu
516 2279 696 2330 sustuli,
740 2278 854 2338 quod
891 2277 1003 2321 haud
1041 2278 1127 2321 scio
1167 2292 1217 2319 an
1259 2273 1367 2320 mihi
1404 2275 1608 2319 affirmare
1650 2276 1774 2321 liceat

342 2361 395 2406 de
419 2358 582 2404 medela
609 2373 735 2418 quam
765 2358 994 2416 excogitavi
1022 2356 1075 2401 de
1104 2356 1405 2416 epigrammate
1432 2354 1625 2400 decimo:

460 2444 583 2484 Φαῑνε
615 2437 725 2482 Θόαν
754 2436 931 2490 Βάκχοιο
955 2426 1085 2490 φυᾶ-ὸν
1114 2435 1205 2479 τόδε
1222 2449 1234 2462 ·
1264 2434 1430 2489 ματέρα
1457 2434 1541 2489 γάρ
1570 2450 1641 2478 σου

578 2516 675 2573 ῥύσῃ
702 2519 773 2559 τοῦ
804 2513 977 2559 θανάτου
1005 2514 1150 2558 οἰκέτιν
1176 2514 1442 2568 ‘vlam-ziam·

460 2595 490 2639 ἃ
520 2596 588 2640 τὸν
616 2596 693 2638 ἀπ’
722 2593 945 2648 Εὐρυδίκοις
976 2593 1080 2636 ἔτλοι
1109 2591 1236 2647 χόλον
1268 2592 1367 2645 ἦμος
1397 2593 1618 2647 &mevam

581 2673 688 2728 ὕδρος
719 2674 738 2715 ὂ
764 2673 999 2726 γαγενέτοις
1029 2672 1176 2715 ὤλεσὲν
1201 2672 1459 2725 Ἀρχέμορον.

463 2758 606 2809 στεῖχε
632 2752 673 2796 δὲ
705 2751 772 2795 καὶ
801 2753 852 2796 σὺ
883 2753 1009 2795 λιπὼν
1035 2749 1253 2799 Ἀσωπίδος
1280 2749 1388 2793 ἔνδιοι
1413 2749 1553 2804 κούρας

579 2831 820 2886 γειναμένην
846 2830 952 2882 ἄξων
981 2836 1144 2883 Λῆμνον
1170 2831 1209 2880 ἐς
1237 2829 1422 2881 ἠγαθέην.
