1794 3412
622 248 890 290 —167—

0 366 93 427 feiq
135 375 344 429 Φρόντωνα
386 376 465 418 υἱὸν
509 374 751 424 Πωλίττης,
799 372 933 427 εὑρέθη
979 372 1019 416 δὲ
1051 374 1092 415 ἐν
1123 370 1308 427 Κυζίκῳ,
1354 372 1420 414 τὸν
1454 370 1495 413 δὲ

0 475 3 507 2
35 457 266 509 ποιήσαντα
297 458 342 500 οὐ
373 456 616 508 γιγνώσκω,
651 455 817 510 ἐγράφη
849 454 891 503 δὲ
918 454 988 498 καὶ
1017 458 1141 499 τοῦτο
1171 453 1348 507 ὁμοίως
1379 451 1496 506 παρὰ

0 559 2 570 ³
33 541 107 587 τοῦ
137 521 368 593 μακαρίτου
395 536 610 591 Γρηγορίου
640 539 712 580 τοῦ
740 534 1061 589 καμψικίζοντος
1080 567 1092 584 ,
1125 532 1211 578 ὅθεν
1242 534 1346 578 αὐτὸ
1373 534 1391 576 ὃ
1419 539 1494 576 Κε-

0 630 1 669 ξ
32 621 186 675 Φαλόὶς
217 619 259 662 ἐν
289 624 374 669 τοῖς
406 617 727 672 ἐπιγράμμασιν
758 615 919 668 ἔταξεν.
982 616 1069 663 Ubi
1094 615 1416 671 καμψικίζοντος
1448 629 1498 659 ex

0 714 1 738 1
37 699 184 746 codice
214 708 332 745 recte
364 699 677 749 Paullesenius,
712 696 828 757 quod
866 696 1045 741 verbum
1087 695 1324 755 Hesychius
1363 697 1496 742 inter-

37 788 228 840 pretatus
269 788 357 827 est:
402 778 745 833 καμψικίζουσα,
788 778 1118 832 βαρβαρίζουσα.
1181 777 1382 822 Eiusdem
1418 777 1499 837 igi·

39 868 110 904 tur
142 876 270 919 opera
307 859 517 917 descripta
558 867 706 918 putem
739 858 1006 916 undeviginti
1037 859 1343 918 epigrammata
1371 857 1500 918 Cyzi.-

37 956 140 985 cena
188 941 289 984 libri
333 940 448 983 tertii
490 938 777 996 Anthologiae
820 939 1036 982 Palatinae
1077 948 1120 982 et
1161 939 1344 983 alterum
1383 939 1499 1000 quod

35 1022 227 1082 superius
264 1019 483 1066 emendavi
517 1021 570 1064 A.
602 1020 647 1065 P.
676 1020 735 1064 v1
755 1052 768 1071 ‚
802 1035 840 1065 c.
860 1023 964 1064 342.
998 1020 1174 1064 sortasse
1206 1021 1336 1065 etiam
1365 1020 1499 1064 Thes-

35 1104 179 1163 piense
203 1102 289 1153 VI,
317 1103 420 1146 342.
452 1109 494 1144 et
523 1099 791 1144 Rhodiacum
821 1099 1084 1160 epigramma
1110 1101 1191 1153 Vl,
1233 1103 1336 1146 171.
1399 1100 1500 1145 Sin-

35 1182 144 1242 gulis
174 1181 437 1225 carminibus
465 1180 630 1224 addidit
665 1181 820 1225 lemma
849 1182 892 1224 in
924 1196 1011 1242 quo
1040 1182 1164 1226 urbes
1189 1191 1233 1226 et
1266 1183 1379 1226 vicos
1410 1198 1500 1226 me·

37 1264 219 1308 muravit
250 1262 324 1307 ubi
354 1278 403 1308 ex
435 1262 649 1322 lapidibus
696 1263 997 1323 inscriptiones
1027 1263 1341 1323 descripserat,
1373 1264 1502 1325 plane

35 1353 85 1389 ut
117 1343 346 1403 Meleager.
406 1343 470 1388 lta
502 1343 552 1388 ad
584 1343 666 1388 VII
686 1377 696 1392 ‚
731 1346 836 1390 327.
879 1345 938 1394 εἷς
969 1344 1232 1400 Κάσσανδρον
1261 1346 1332 1391 τὸν
1359 1347 1502 1400 ὦραῒον

34 1425 75 1468 ἐν
104 1424 294 1480 Λαρίσσῃ
331 1424 540 1477 κείμενον
573 1424 820 1481 κετεγράφη
851 1424 969 1479 παρὰ
1004 1427 1222 1481 Γρηγορίου
1252 1430 1500 1480 τοῦμακα-

33 1505 144 1560 ρίτου
182 1504 231 1556 ἐξ
265 1506 398 1556 αὐτῆς
435 1510 510 1555 τῆς
549 1503 784 1559 λάρνακος,
829 1505 1006 1550 addito:
1039 1508 1212 1560 ὡραῖον,
1254 1508 1499 1560 σημείωσαι.

36 1585 89 1629 ad
120 1586 202 1630 VII
219 1618 231 1638 ‚
264 1587 370 1631 330.
403 1585 461 1634 εἰς
485 1583 684 1638 Μάξιμον
711 1585 782 1630 καὶ
820 1586 895 1637 τὴν
925 1591 1111 1641 γυναῖκα
1141 1589 1270 1632 αὐτοῦ
1302 1595 1499 1638 Καληπο-

35 1666 126 1711 δίαν
157 1667 199 1709 ἐν
229 1667 286 1722 τῷ
318 1666 544 1721 Δορυλαίῳ.
579 1668 683 1711 331.
721 1666 778 1715 εἷς
814 1671 1000 1718 γυναῖκα
1029 1667 1220 1722 σώφρονα
1239 1668 1316 1712 ,καὶ
1348 1668 1501 1722 μόναν-

35 1746 150 1802 δρον,
199 1748 257 1796 εἷς
289 1748 471 1801 ”Ωρακα
510 1746 554 1790 ἐν
599 1746 777 1803 Φρυγία.
812 1748 913 1792 332.
954 1747 1012 1796 εἷς
1054 1747 1280 1800 Ἀκμονίαν
1310 1748 1371 1799 εἷς
1405 1767 1500 1794 τινα

33 1827 152 1882 παρα
191 1826 484 1881 βακχευτρίας
514 1826 793 1881 άναιρεθέντα.
827 1830 931 1873 333.
963 1828 1022 1877 εἷς
1053 1828 1288 1883 Ἀδριανοὺς
1317 1831 1360 1874 ἐν
1396 1837 1502 1886 Φρυ-

34 1907 127 1964 γίᾳ.
161 1910 264 1953 337.
298 1908 355 1956 εἷς
384 1906 602 1961 Ἀρμονίαν
632 1912 818 1959 γυναῖκα
840 1908 1158 1959 πλουσιωτάτην
1196 1909 1269 1954 καὶ
1309 1912 1502 1968 σώφρονα

36 1989 78 2038 ἐν
103 1986 333 2046 Μεγάροις.
368 1990 474 2033 338.
505 1988 563 2036 εἷς
592 1988 798 2042 Περικλέα
828 1989 870 2033 ἐν
895 1989 1130 2045 Μαγνησίᾳ
1159 1991 1358 2045 κείμενον.
1384 1996 1498 2040 340.

35 2070 187 2125 εὑρεθὲν
225 2069 267 2112 ἕν
308 2068 605 2125 Θεσσαλονίκῃ.
639 2084 678 2115 c.
710 2072 810 2114 346.
853 2071 911 2120 εἰς
956 2072 1138 2124 Σαβῖνον
1169 2073 1214 2116 ἕν
1242 2074 1424 2130 Κορίνθῳ.
1451 2091 1500 2122 c.

39 2152 144 2195 558.
196 2148 424 2195 ἀδέσποτον
465 2150 523 2198 εἷς
565 2153 774 2205 Ῥουφῖνον
816 2151 899 2194 υἱὸν
943 2152 1125 2206 Αἰθεριόυ
1143 2168 1156 2180 ·
1195 2154 1332 2209 εὑρέθη
1373 2157 1417 2201 δὲ
1459 2159 1504 2202 ἐν

38 2229 212 2286 Προύσῃ.
246 2233 348 2275 575.
381 2230 439 2278 εἷς
467 2229 604 2279 Ῥόδην
645 2230 687 2272 ἕν
714 2230 920 2286 Βυζαντίῳ
949 2234 1280 2284 τελευτήσασαν.
1312 2237 1365 2280 ad
1396 2239 1503 2292 VII,

40 2313 146 2355 613.
191 2309 408 2362 Διογένους
451 2309 675 2354 ἐπισκόπου
706 2317 780 2362 τῆς
812 2318 1010 2364 Ποντικῆς
1044 2316 1234 2367 Ἀμισοῦ.
1266 2319 1372 2364 667.
1408 2321 1500 2364 οἶδε’-

39 2406 190 2435 σποτον
222 2390 263 2432 ἕν
303 2391 360 2444 τῷ
391 2391 472 2444 ναῷ
509 2396 583 2441 τῆς
623 2391 754 2443 ἁγίας
792 2393 1078 2445 Ἀναστασίας
1124 2396 1167 2439 ἐν
1201 2401 1500 2458 Θεσσαλονίκῃ.

41 2474 143 2516 672.
174 2470 400 2515 ἀδέσποτον
424 2472 465 2515 ἕν
491 2472 658 2527 Κορίνθῳ
685 2472 956 2527 γέγραπται,
989 2476 1043 2519 ad
1067 2477 1151 2530 IX,
1186 2481 1290 2524 597.
1324 2486 1502 2534 Κομητᾶ

42 2555 336 2607 Σχολαστικοῦ
378 2552 419 2596 ἐν
448 2552 720 2608 Ἀναζαρβῷ,
755 2554 805 2599 ad
837 2555 915 2599 XV
934 2589 946 2608 ,
981 2559 1024 2602 2.
1063 2559 1122 2608 εἷς
1158 2560 1234 2610 τὴν
1266 2561 1389 2606 πόλιν
1422 2569 1503 2608 τῶν

41 2633 188 2689 Μύρων
214 2639 289 2684 τῆς
320 2633 512 2684 Λυκίας,
547 2637 589 2678 3.
625 2637 667 2680 4.
699 2659 760 2668 --
793 2639 863 2682 12.
902 2641 972 2684 15.
1019 2640 1115 2687 XV.
1150 2650 1182 2688 t.
1210 2643 1292 2690 III.
1324 2660 1371 2704 p.
1396 2648 1502 2692 835.

43 2713 355 2769 ἐπιγράμματα
393 2715 435 2760 ἐν
479 2716 537 2769 τῷ
587 2715 824 2772 ἱπποδρόμῳ
869 2723 1293 2768 Κωνσταντινουπόλει
1312 2759 1324 2775 ,
1370 2735 1412 2770 et
1459 2729 1503 2772 in

46 2793 251 2838 lemmatis
292 2795 620 2855 inscriptionum
650 2797 815 2857 aliquot
860 2798 1196 2849 Christianarum
1234 2805 1334 2849 libri
1370 2807 1502 2853 Primi

49 2875 340 2935 Anthologiae.
407 2877 637 2938 cephalam
667 2889 808 2924 autem
835 2881 1143 2930 inconsiderate
1170 2896 1381 2933 versatum
1415 2907 1503 2937 esse
