1794 3412
925 285 1187 326 -148—

344 405 391 446 In
425 406 543 446 cuius
584 403 752 446 distichi
791 418 910 446 versu
950 405 1111 447 minore
1153 404 1449 452 scribendum:
1486 406 1662 450 ἔστασαν
1689 414 1771 455 τοῖς

342 482 463 536 χάριν
491 482 703 526 αντιδίδου.
766 481 850 526 Sed
877 482 1146 541 Bacchylidis
1176 483 1392 543 inscriptio
1421 487 1474 531 A.
1495 486 1542 531 Ρ.
1562 486 1642 538 Vl,
1671 490 1770 531 313.

458 561 583 614 Κούρη
609 559 854 609 Πάλλαντος
886 563 1124 613 πολυώνυμε
1151 562 1299 605 πότνια
1328 564 1434 612 Νίκη

573 639 757 695 πρόφρων
787 640 1013 694 Καρθαιέων
1044 640 1257 695 ἱμερόεντα
1286 642 1406 696 χορόν

455 720 539 762 αἰὲν
569 718 805 768 ἐποπτεύοις
823 753 834 768 ,
867 719 1019 769 πολέας
1050 720 1085 763 δ’
1118 721 1158 763 ἐν
1186 721 1388 775 ἀθύρμασι
1417 722 1608 765 Μουσέων

572 799 677 853 Κηΐῳ
706 798 921 854 &pcepta-[Oet
954 799 1194 854 Βακχυλίδῃ
1224 800 1481 855 στεφάνους,

335 877 517 934 intelligi
544 879 692 935 nequit
719 877 800 920 nisi
825 877 877 920 de
903 877 1033 922 choro
1063 878 1306 923 solemniter
1336 879 1442 923 sesto
1460 879 1529 923 die
1556 878 1606 921 ad
1635 878 1773 924 locum

335 956 537 1014 religione
578 956 757 1000 alicuius
795 958 872 1000 Dei
911 957 1097 1001 nobilem
1140 959 1254 1001 mitti
1295 958 1418 1001 solito
1457 971 1553 1001 cum
1591 960 1776 1003 carmine

336 1035 604 1093 Bacchylidis
630 1036 894 1094 prosodiam.
958 1037 1014 1079 Et
1042 1036 1214 1079 fortasse
1241 1038 1284 1080 in
1311 1038 1542 1080 certamine
1571 1038 1742 1080 Deliaco
1762 1068 1773 1088 ,

336 1110 421 1173 q'uo
450 1130 591 1158 omnes
632 1115 924 1159 commeabant
964 1116 1114 1159 Graeci
1159 1116 1260 1159 vicit
1297 1115 1573 1173 Bacchylides
1602 1124 1644 1159 et
1673 1116 1774 1160 car-

337 1193 598 1238 thaeensium
629 1193 781 1237 chorus
803 1197 856 1248 ¹).
922 1194 1000 1237 Vix
1032 1195 1144 1238 enirn
1172 1194 1322 1237 dubito
1354 1196 1458 1253 quin
1498 1203 1611 1239 recte
1643 1195 1771 1253 Berg-

337 1274 430 1315 kius
461 1274 603 1331 Lyric.
641 1273 788 1318 Graec.
821 1289 867 1332 p.
896 1275 997 1319 832.
1031 1273 1318 1317 emendaverit
1348 1273 1505 1318 codicis
1550 1274 1771 1318 lectionem

335 1351 519 1405 πρόφρων
542 1352 782 1405 Κρανναίων.
846 1352 965 1408 Quod
992 1367 1121 1410 quum
1147 1354 1188 1395 in
1219 1358 1409 1407 Κραναῶν
1435 1354 1668 1405 mutarem,
1699 1368 1771 1412 pa-

336 1446 430 1473 rum
459 1432 650 1489 reputavi
691 1431 771 1473 hoc
803 1446 880 1487 pro
919 1430 1175 1488 Bacchylide
1215 1440 1257 1474 et
1284 1447 1362 1489 pro
1399 1433 1584 1490 simplici
1625 1431 1770 1475 inscri-

333 1509 488 1568 ptionis
520 1507 847 1551 conscribendae
877 1509 1039 1551 ratione
1070 1509 1194 1551 nimis
1222 1510 1388 1554 erudite
1418 1510 1469 1553 de
1507 1510 1769 1554 Atheniensi-

333 1589 413 1631 bus
452 1588 612 1631 dictum
649 1602 752 1631 esse.
816 1587 898 1632 Sed
933 1588 1088 1645 scripto
1127 1589 1353 1642 Καρθαιέων
1384 1589 1587 1635 dialectus
1633 1591 1769 1634 Ionica
1788 1591 1794 1637 ᾖ

334 1683 410 1726 per
441 1668 578 1711 omnia
605 1666 863 1710 restituenda
898 1677 1003 1711 erat.
1067 1667 1187 1722 Quod
1216 1668 1296 1710 feci
1334 1669 1376 1711 in
1412 1668 1557 1722 κούρα,
1590 1669 1700 1712 Νίκα
1729 1663 1789 1712 et¹

333 1750 518 1790 Μουσᾶν.
593 1746 740 1806 Neque
777 1746 1174 1805 praetermittendae
1220 1746 1300 1790 hoc
1340 1746 1433 1790 loco
1475 1748 1789 1807 inscriptione-Q

333 1825 558 1869 simonidis
591 1827 643 1870 A.
667 1827 714 1870 Ρ.
746 1827 835 1877 vi,
869 1829 973 1871 213.
1788 1815 1789 1827 *

446 1904 526 1955 ’Ἐξ
553 1905 620 1947 ἐπὶ
651 1905 929 1954 πεντήκοντα,
963 1904 1193 1956 Σιμωνίδη,
1226 1905 1322 1958 ἤραο
1351 1904 1520 1959 ταύρους

569 1983 635 2026 καὶ
669 1983 889 2036 τρίποδας,
922 1983 1013 2036 πρὶν
1042 1982 1148 2025 τόνδ’
1181 1983 1396 2034 (ἐνθέμεναι
1428 1985 1615 2028 πίνακα·

325 2107 499 2115 ————--—

378 2181 407 2225 1)
432 2176 480 2214 De
504 2178 713 2215 carminibus
738 2191 757 2214 a
782 2176 956 2213 Simonide
973 2178 1107 2228 scriptis
1132 2184 1174 2215 ut
1199 2178 1234 2214 in
1261 2178 1424 2228 panegyri
1451 2177 1585 2214 Deliaca
1610 2189 1785 2225 ceneten-g

330 2253 390 2283 tur
415 2260 435 2282 a
458 2247 567 2282 choris
591 2247 730 2296 publice
755 2259 774 2282 e
792 2247 894 2282 variis
920 2247 1077 2284 Graeciae
1100 2247 1299 2284 civitatibus
1324 2246 1448 2282 Delum
1474 2246 1583 2282 missis
1605 2246 1783 2295 interme-5

327 2315 433 2351 tanda
458 2315 626 2363 putabam
646 2314 821 2350 Strabonis
846 2314 947 2351 verba
969 2317 1054 2360 XV,
1081 2315 1152 2351 '728
1176 2319 1212 2352 B.
1241 2318 1406 2362 ταφῆναι
1434 2314 1583 2365 λέγεται
1606 2299 1783 2363 Ms'pwwvl

327 2386 414 2433 περὶ,
437 2385 591 2420 Πάλτον
629 2385 775 2432 Συρίας
804 2383 904 2431 παρὰ
936 2383 1108 2419 Βάλαιον
1145 2383 1211 2429 (ita
1243 2383 1520 2419 Schneidewinus
1558 2368 1782 2430 emendavit)⁸

328 2454 523 2501 ποταμὸν,
552 2453 603 2496 ὣς
626 2454 754 2503 εἴρηκε
783 2453 1005 2500 Σιμωνίδης
1029 2452 1070 2489 ἐν
1093 2452 1293 2501 Μέμνονι,
1334 2453 1565 2504 διθυράμβῳ
1589 2454 1666 2491 τῶν
1687 2454 1767 2499 Δη-

330 2525 488 2561 λιακῶν.
537 2527 606 2563 Ηοο
631 2522 740 2571 igitur
763 2534 900 2558 carmen
934 2521 971 2556 in
997 2521 1118 2557 Bacchi
1142 2522 1302 2558 honorem
1336 2521 1372 2557 in
1399 2521 1511 2558 insula
1534 2522 1616 2558 Delo
1651 2528 1763 2558 canta-

328 2573 407 2628 tum
445 2591 648 2634 videbatur,
686 2595 818 2625 caetera
850 2587 989 2625 fortasse
1013 2602 1101 2639 quae
1123 2591 1162 2625 in
1188 2590 1251 2627 hoc
1285 2603 1396 2626 unum
1427 2596 1531 2639 caput
1562 2590 1765 2639 collegerant

328 2660 569 2710 grammatici,
603 2671 743 2706 paeanes
774 2664 881 2694 erant.
930 2658 994 2694 Sed
1027 2659 1062 2694 in
1092 2665 1244 2707 tempore
1275 2659 1372 2694 video
1404 2657 1702 2694 Schneidewinum
1727 2659 1763 2694 in

327 2728 612 2766 commentatione
643 2727 686 2762 de
717 2727 906 2762 Aristotelis
933 2726 1032 2776 Peplo
1068 2740 1100 2776 p.
1122 2730 1181 2762 40.
1218 2728 1331 2762 locum
1368 2725 1541 2762 Strabonis
1567 2727 1617 2762 ita
1642 2727 1764 2762 consti·
1793 2747 1794 2751 =

328 2800 455 2834 tuisse:
483 2796 532 2839 ὡς
557 2796 685 2845 εἴρηκε
715 2796 938 2844 Σιμωνίδης
964 2795 1004 2831 ἒν
1030 2796 1202 2845 Μέμνονι
1228 2794 1453 2844 διθυράμβῳ
1482 2798 1545 2835 καὶ
1577 2797 1706 2844 Σῆμος
1742 2795 1763 2830 ὁ
1791 2775 1794 2870 'i

329 2867 472 2913 Δήλιος
496 2867 535 2904 ἓν
552 2893 561 2904 .
580 2893 588 2903 .
607 2891 616 2905 ,
633 2893 643 2903 .
670 2866 743 2902 τῶν
770 2866 988 2912 Δηλιακῶν.
