1794 3412
933 269 1194 309 —208-

345 403 454 433 mam
495 397 620 434 amet.
684 382 760 432 Ad'
792 390 944 439 Ὀοι-ική
985 390 1130 432 confer
1170 388 1320 448 steph.
1360 389 1460 447 Byz.
1495 403 1534 434 ν.
1582 387 1769 435 Ὀπικοὶ,

341 467 446 516 ἔθνος
475 467 656 516 Ἰταλίας
675 481 686 492 ·
727 467 899 518 Εὔδοξος
930 466 1034 522 ἕκτῳ
1068 473 1146 519 γῆς
1178 467 1382 522 περιόδοψ
1419 467 1652 519 γλώσσας
1693 482 1771 510 συ·

341 545 575 597 νέμιξοιν,
615 554 663 589 ut
707 545 858 600 ὀπίζειν
900 547 1048 590 Graeci
1091 545 1238 589 dicunt
1277 546 1329 589 de
1375 547 1424 588 iis
1463 547 1536 604 qui
1575 545 1772 603 imperite

339 624 572 682 loquuntur
592 624 820 668 seeundum
849 624 996 670 Schol.
1028 626 1176 669 Iuven.
1200 626 1291 677 111,
1317 626 1420 670 207.
1452 624 1647 683 idemque
1673 639 1772 682 gen·

339 702 411 746 tile
442 703 531 747 sere
564 703 760 747 adiectivi
787 701 999 758 βάρβαρος
1036 718 1330 762 synonymum.
1362 702 1524 748 Anecd.
1556 703 1684 747 Paris.
1708 702 1768 746 ΙΙ.

334 798 378 842 p.
409 785 507 827 162.
543 787 585 828 5.
631 784 689 832 εἰς
728 783 797 827 τὸν
837 782 960 826 τόπον
999 786 1140 828 τοῦτον
1169 788 1243 834 τῆς
1280 785 1453 833 Ὀπικῆς
1499 780 1540 830 ὃς
1580 786 1771 826 καλεῖται

335 860 503 905 Λάτιον.
566 861 684 906 Idem
727 862 938 906 Seidlerus
980 863 1022 907 in
1058 878 1116 908 vs.
1148 866 1191 909 6.
1234 878 1312 922 pro
1357 863 1480 915 θύεμε
1527 861 1707 905 coniecit
1741 859 1771 904 ὦ

333 944 412 984 τῶν
444 939 578 994 »θύμ’
612 940 730 994 §mm
762 941 999 996 φωναρίων,
1033 941 1148 1000 quod
1185 956 1268 984 non
1309 943 1440 1000 magis
1474 941 1610 1000 probo
1642 955 1768 999 quam

332 1020 618 1063 coniecturam
658 1021 894 1066 viscontii:
945 1021 973 1063 ὣ
1008 1024 1085 1063 τῶν
1128 1019 1224 1063 Atiae
1259 1019 1467 1075 φωναρίων
1507 1028 1550 1064 et
1589 1019 1771 1062 Iacobsii

333 1103 410 1142 τῶν
435 1099 653 1152 θύμμεθοο,
686 1098 737 1142 ad
769 1114 894 1158 quam
927 1099 1102 1142 formam
1135 1098 1332 1141 tuendam
1361 1110 1459 1141 usus
1502 1106 1564 1141 est
1591 1098 1768 1155 Etymo-

332 1177 417 1236 logi
452 1178 692 1221 testimonio
711 1211 722 1229 ,
754 1177 830 1221 ubi
861 1176 1108 1230 τεθυμμένον
1141 1175 1766 1225 emendaverant‘Valckenaer.

332 1258 437 1304 Eur.
481 1256 642 1302 Phoen.
683 1273 727 1317 p.
759 1259 859 1302 743.
902 1257 1129 1303 Ruhnken.
1176 1257 1284 1301 Tim.
1318 1272 1364 1315 p.
1396 1257 1498 1300 209.
1545 1254 1767 1314 Scripsisse

329 1335 496 1381 videtur
526 1336 823 1382 Philodemus:
1784 1342 1787 1345 ’

859 1415 888 1458 ὢ
919 1418 997 1458 τῶν
1026 1416 1121 1469 θῦψ’
1152 1416 1226 1467 ἐμὲ
1255 1416 1486 1469 Φωνοιρίων,

329 1494 558 1538 admiratus
601 1493 770 1537 suadem
808 1494 1001 1553 loquelae
1040 1509 1122 1552 qua
1152 1495 1286 1553 ipsum
1328 1502 1462 1538 totum
1492 1493 1594 1536 ussit
1623 1492 1764 1539 Flora.

331 1574 395 1617 Ad
423 1574 656 1633 genitivum
694 1573 842 1616 confer
874 1588 934 1617 vs.
967 1575 1007 1617 1.
1040 1572 1069 1615 ὢ
1099 1576 1176 1615 τῶν
1207 1571 1410 1615 ἀπόλωλα
1446 1571 1606 1621 δικαίως
1631 1575 1765 1625 μηρῶν

329 1662 372 1697 et
413 1669 472 1699 vs.
501 1657 543 1698 4.
587 1654 615 1696 ὢ
647 1656 725 1696 τῶν
772 1651 974 1705 μαίνομαι
1014 1651 1239 1704 &pmcn-[mv.
1303 1651 1368 1696 Ad
1414 1653 1550 1711 ipsum
1588 1650 1762 1695 verbum

326 1732 498 1776 Suidam
534 1748 572 1777 ν.
612 1731 928 1787 ὑποτυφούσης,
963 1729 1274 1784 ὑποκνιζούσης,
1306 1729 1601 1780 ὑποκαιούσης,
1636 1729 1761 1775 Phot.

331 1826 371 1855 v.
422 1811 673 1856 ὑπετέθυπτο
690 1844 703 1861 ,
753 1810 970 1854 §senaim
1022 1810 1090 1853 καὶ
1142 1809 1356 1852 ἐκέκνιστο.
1429 1808 1762 1863 Ἀπολλοφάνης.

327 1890 514 1948 Hesyeh.
558 1891 714 1944 θῦψοιι,
758 1893 978 1943 ’τυφῶο-οιι,
1024 1904 1062 1931 v.
1107 1888 1298 1942 θύψοιντοο
1327 1888 1455 1943 θύψοιι
1486 1889 1536 1932 Ε.
1568 1889 1627 1932 Μ.
1657 1890 1761 1932 458.

329 1973 401 2015 43.
446 1968 581 2013 Glem.
628 1966 698 2011 Al.
741 1967 902 2011 strom.
930 1967 998 2017 V,
1039 1967 1081 2013 8.
1123 1969 1193 2010 49.
1238 1967 1367 2020 θῦψοιί
1403 1983 1449 2009 τε
1490 1968 1546 2020 τῷ
1588 1967 1760 2021 κεροιυνῷ

325 2047 496 2103 φλέξοιι.
562 2046 738 2089 Versum
771 2046 941 2088 tertium
971 2043 1289 2103 hypermetrum
1317 2059 1403 2087 esse
1432 2043 1535 2087 vidit
1562 2045 1758 2097 Geelius‚

326 2137 370 2172 et
399 2128 584 2187 primum
615 2125 643 2167 ὢ
675 2124 718 2167 ἰη
755 2123 902 2166 codice
943 2122 1134 2166 Palatino
1170 2138 1252 2166 non
1291 2122 1480 2165 additum
1520 2102 1704 2181 legitur,
1737 2140 1759 2167 e

327 2204 634 2251 recentioribus
671 2202 840 2256 demum
874 2203 1010 2246 versui
1047 2202 1349 2261 praepositum.
1411 2201 1579 2245 Geelius
1615 2204 1760 2247 conie-

326 2287 409 2329 cit:
443 2283 542 2339 ᾥμοι
572 2287 650 2326 τῶν
675 2285 844 2334 μαστῶν
875 2280 988 2340 quod
1016 2280 1210 2340 equidem
1252 2281 1391 2323 minus
1426 2281 1646 2339 probabile
1685 2281 1763 2325 ha-

327 2366 406 2410 beo
443 2370 616 2423 propter
643 2361 818 2407 eandem
856 2360 1190 2404 interiectionem
1223 2359 1415 2402 omnibus
1446 2360 1658 2404 vocabulis
1684 2361 1760 2404 ad-

325 2445 456 2488 ditam
482 2456 608 2501 quam
639 2456 725 2484 uno
757 2439 848 2483 loco
875 2447 1136 2482 mutaturum
1161 2439 1287 2482 fuisse
1313 2447 1480 2496 poetam
1509 2454 1657 2498 parum
1687 2454 1758 2483 ve·-

324 2522 530 2568 rosimile.
592 2521 709 2565 Idem
746 2518 971 2562 articulum
1010 2522 1080 2561 τοῦ
1122 2518 1348 2561 delendum
1385 2533 1652 2571 censueram,
1686 2519 1757 2563 sed

325 2618 375 2647 eo
398 2615 537 2646 versus
566 2600 614 2642 fit
645 2599 785 2641 minus
812 2611 1072 2641 numerosus.
1138 2598 1207 2641 Vs.
1234 2601 1273 2641 5.
1312 2605 1425 2640 recte
1452 2597 1656 2642 Planudes
1684 2615 1755 2640 κοι-

327 2678 626 2734 κοτεχνοτοέτου
657 2677 895 2722 emendasse
920 2675 1097 2720 videtur.

383 2757 647 2818 Asclepiades
677 2772 716 2802 c.
743 2759 841 2802 158.

442 2838 626 2893 Ἑρμιόνῃ
656 2837 801 2891 πιθοινῇ·
833 2839 923 2879 ποτ’
950 2837 1028 2887 ἐγὼ
1058 2833 1292 2886 συνέπαιζον
1318 2832 1467 2890 ἐχούσῃ
