1794 3412
311 344 595 393 emendandae
635 348 874 392 carminum
913 348 1083 391 lectioni
1123 348 1278 390 iterum
1322 347 1559 403 iterumque
1596 357 1745 390 navas-

310 461 422 500 sem,
454 448 498 491 in
528 447 725 505 plurimis
754 446 1007 490 sententiam
1037 459 1165 503 quam
1187 450 1311 490 antea
1340 450 1504 489 tutatus
1534 458 1650 488 eram
1676 444 1744 487 ab·

309 547 481 603 rogavi,
512 546 556 588 in
581 545 728 588 multis
759 545 895 588 eidem
921 544 1147 600 ohrogavi,
1178 544 1223 586 in
1248 542 1343 586 aliis
1375 556 1469 587 vero
1495 543 1579 586 huc
1605 547 1743 586 trans-

309 643 402 687 tuli.
464 641 741 686 Callimachea
771 642 962 685 auctiora
992 641 1037 683 in
1068 641 1202 698 ipsius
1231 643 1376 696 poetae
1412 639 1595 683 editione
1625 639 1744 684 datu-

307 755 382 785 rus
411 754 521 784 sum.
582 741 619 784 A
647 740 850 797 primitiis
885 752 983 782 vero
1013 738 1096 781 illis
1128 737 1231 781 haee
1272 750 1380 794 quae
1416 739 1625 795 posterius
1660 738 1746 782 elu-

307 838 481 882 cubravi
516 837 661 882 eodem
703 835 838 894 gradu
869 836 1028 879 distare
1053 848 1173 892 spero
1203 848 1286 892 quo
1322 834 1488 879 fructus
1534 835 1693 878 maturi
1721 848 1746 878 a

307 936 482 980 floribus
510 936 712 993 temporis
742 935 863 993 lapsu
898 933 1222 978 marcidiorihus
1252 932 1390 976 factis.
1451 933 1562 977 Haeo
1598 931 1745 976 eadem

305 1046 404 1077 vero
436 1033 488 1077 ad
530 1034 588 1077 Te
616 1032 750 1081 detuli
779 1031 958 1089 Tihiqu‘e
985 1030 1166 1074 dicanda
1187 1030 1342 1087 ‘putavi
1380 1031 1454 1086 qui
1492 1029 1598 1073 mihi
1617 1006 1746 1086 prius

305 1130 441 1174 multa
463 1130 617 1188 quibus
633 1135 777 1174 uterer
806 1129 1172 1188 suppeditaveras‚
1203 1128 1286 1172 alia
1310 1127 1362 1172 de
1383 1128 1489 1172 meis
1515 1128 1645 1171 litura
1675 1127 1743 1171 de·

305 1228 428 1272 lenda
445 1216 810 1272 demonstraveras
821 1261 833 1280 ‚
849 1227 949 1271 alibi
971 1218 1147 1271 dubium
1165 1231 1207 1271 et
1223 1217 1467 1270 haerentem
1492 1227 1632 1268 animo
1649 1238 1743 1269 con·
1785 1246 1787 1249 ·

305 1327 526 1378 firmaras,
558 1326 811 1384 disputando
841 1326 1022 1384 denique
1048 1331 1091 1371 et
1121 1326 1335 1370 dissensus
1365 1326 1628 1382 argumentis
1650 1337 1743 1382 ape·
1788 1303 1794 1306 ξ

303 1425 464 1469 riendis
501 1424 741 1469 edocueras.
804 1425 860 1469 Et
890 1438 1036 1469 eorum
1063 1437 1171 1482 quae
1200 1424 1279 1467 hoc
1325 1423 1499 1467 oonsilio
1538 1435 1742 1466 novarum

303 1523 623 1566 annotationum
649 1522 898 1566 criticorum
925 1521 1348 1571 conscribendarum,
1380 1533 1463 1576 quo
1491 1533 1610 1564 meae
1635 1519 1743 1563 mihi

301 1620 414 1663 inter
440 1618 628 1677 eruditos
668 1619 972 1663 existimationi
1008 1617 1227 1661 consulere
1265 1615 1409 1660 videor
1422 1649 1435 1667 ,
1478 1629 1529 1659 ex
1562 1616 1742 1673 publicis

301 1719 466 1776 privata
505 1717 596 1760 fieri
628 1717 758 1768 iussi,
790 1730 839 1760 ea
883 1717 1068 1760 maxime
1113 1715 1319 1760 oblivione
1364 1715 1499 1771 mergi
1529 1714 1741 1766 nolebam,

301 1829 409 1873 quae
451 1815 495 1858 in
530 1814 789 1872 praefatione
824 1814 876 1857 de
904 1815 995 1857 Tua
1020 1814 1064 1856 in
1095 1826 1164 1857 me
1194 1812 1482 1857 benevolentia
1516 1813 1667 1870 scripsi
1698 1818 1741 1856 et

300 1913 455 1959 studio.
505 1912 679 1969 >Scripsi
707 1917 851 1956 autem
882 1911 969 1955 fere
998 1911 1129 1957 haee:
1171 1908 1484 1968 saepissime-et
1513 1910 1565 1954 de
1585 1912 1739 1967 singu-

300 2012 354 2055 lis
377 2011 481 2055 loeis
509 2009 615 2054 mihi
649 2023 749 2054 cum
779 2006 975 2060 Gutum}
995 2007 1096 2052 Viro
1138 2008 1292 2057 eximio
1322 2013 1365 2052 et
1401 2004 1736 2059 humanissimo,

298 2109 452 2167 agendi
482 2113 525 2152 et
553 2107 815 2166 colloquendi
847 2107 1100 2164 potestatem
1137 2104 1293 2164 c'upide:
1306 2103 1550 2162 ‘expetitam
1563 2119 1565 2121 ·
1578 2105 1735 2149 factam

296 2207 428 2251 fuisse
442 2237 456 2258 ‚
472 2219 718 2263 earumque
733 2212 736 2242 ἴ
750 2205 1089 2263 'disputationum
1126 2208 1260 2261 opere-
1272 2201 1333 2247 va'd
1349 2201 1508 2247 'finem'
1520 2199 1734 2260 *perducto

295 2304 648 2350 iucundissimam
661 2339 663 2341 v
681 2304 823 2357 animo
859 2302 1050 2347 haesisse·
1059 2299 1331 2346 {memor-iam.
1375 2312 1381 2351 ,ς
1394 2299 1526 2355 Quod*
1539 2297 1623 2343 rvrir‘
1639 2297 1735 2352 ille,

295 2406 422 2460 quem
454 2408 498 2447 et
516 2403 753 2446 reverentia
778 2413 1020 2459 prosequor
1056 2405 1299 2450 et‘2amore<3
1330 2398 1509 2448 salutari·
1528 2398 1732 2455 ‘inprimis

297 2506 410 2554 eura}
420 2514 522 2545 mea
543 2486 852 2550 :studia-fovit,
885 2499 1065 2553 μεγάλη
1084 2496 1206 2553 χάρις
1230 2495 1369 2551 ἀύτοῦ(
1390 2493 1395 2529 ῗ
1417 2494 1464 2540 Si
1480 2497 1620 2546 ,dietis
1641 2492 1736 2542 etus

295 2600 408 2644 facta
421 2599 667 2656 ‚exaequare
696 2598 865 2650 vellem,
896 2598 1084 2655 profecto
1100 2597 1278 2641 ¹mellita
1290 2592 1501 2644 suavitate
1511 2609 1513 2627 ³
1524 2589 1735 2639 meafve'rss·

296 2699 348 2742 ha
390 2698 558 2752 condita
585 2710 689 2741 ‘esse
725 2696 935 2740 deberent.
966 2690 1730 2752 .-*Quai·e1·1qi1mn*pectore‘condttu

293 2796 436 2839 verbis.
457 2802 551 2854 apte
589 2796 798 2854 explicare
820 2798 915 2839 ''non
942 2793 1170 2853 potuissem
1187 2795 1341 2850 γενεαὶ
1355 2815 1358 2820 ¹
1370 2791 1503 2837 animi
1520 2789 1733 2839 'tamisim-g
