1794 3412
640 251 910 293 ——271--

106 374 298 419 Incertus
332 389 370 421 e.
401 379 471 420 48.

164 455 356 511 Σάρκες
390 456 430 500 δ’
464 457 762 500 αἰθαλέαισι
795 457 916 511 πυρὸς
949 455 1330 512 ριπῇσισρυφηλαὶ

282 538 507 592 ληφθεῖσαι
540 536 672 587 νοτίην
704 534 833 580 ὦσαν
861 536 1225 590 ε’παιθόμεναι·

161 619 295 668 μοῦνα
322 617 356 660 δ’
388 616 521 661 ἔνεστι
547 616 673 672 τάφῳ
705 617 1077 672 πολυδακρύτῳ
1108 616 1234 661 ὀστέα
1260 616 1387 672 κωφοὶ

282 698 352 740 καὶ
382 696 501 746 πόνος
534 696 709 746 εἰνοδίοις
742 697 840 752 τῇδε
872 696 1208 752 παρερχομένοις.

41 776 90 821 In
134 777 281 820 codice
321 777 516 823 Palatino
555 778 720 837 primus
764 793 905 821 versus
944 779 1001 821 ita
1046 778 1234 837 legitur:
1284 775 1513 826 δαιδαλέοις

17 857 162 918 νπυρὸς
188 859 326 913 ῥιπῇσι
353 857 564 912 τρυφηλαὶ
599 856 748 911 σάρκες
766 891 779 907 ,
815 873 924 917 quae
956 858 989 900 si
1020 866 1135 901 recte
1165 856 1387 901 emendata
1415 864 1514 900 sunt

41 953 62 980 a
95 936 322 989 Iacobsio,
368 938 412 980 in
451 937 680 981 verborum
726 946 864 979 tamen
907 936 1058 979 ordine
1096 945 1341 995 praestare:
1393 937 1511 980 αἰθα-

39 1016 143 1061 λεόιο
173 1017 294 1072 πυρὸς
327 1016 476 1071 σάρκες
493 1019 630 1072 ῥιπῇσι
660 1017 873 1071 τρνφηλαὶ
903 1025 1047 1060 censet
1073 1017 1312 1061 Meinekius
1344 1032 1388 1077 p.
1407 1020 1512 1062 231.

13 1147 15 1150 ,
45 1098 256 1158 Equidem
288 1098 541 1143 maluerim:

161 1177 407 1222 Δαιδαλέοιο
439 1178 562 1232 πυρὸς
594 1177 744 1232 σάρκες
776 1180 914 1233 ῥιπῇσι
947 1178 1160 1234 τρνφηλαὶ

280 1259 506 1313 ληφθεῖσαι
539 1257 671 1307 νοτίην
703 1255 812 1300 ὦσαν
843 1256 921 1300 ἄπ’
954 1257 1182 1310 αἰθόμεναι.

41 1337 250 1382 Daedalus
296 1338 411 1381 enim
453 1336 615 1380 dieitur
654 1336 904 1390 Vulcanus,
951 1354 988 1382 v.
1022 1339 1257 1398 Bergkium
1290 1338 1343 1381 ad
1386 1338 1510 1382 Pind.

41 1418 164 1463 Nem.
186 1419 248 1462 lv
266 1452 276 1470 ‚
309 1421 383 1463 59.
417 1426 460 1461 et
493 1417 603 1476 ignis
638 1417 924 1462 Vulcanius.
976 1419 1049 1463 Vs.
1069 1421 1095 1461 2
1116 1428 1244 1463 -recte
1271 1419 1512 1464 Meinekius

6 1519 13 1558 3
39 1496 146 1542 ὦσαν
177 1497 255 1542 ἄπ’
288 1497 502 1552 αἰθόμεναι
535 1506 586 1549 et>
610 1513 670 1543 vs.
696 1501 730 1541 3.
755 1497 1037 1554 πολυδακρύῳ.

0 1579 15 1632 I}
103 1578 300 1623 Addaeus
330 1593 370 1623 c.
400 1580 470 1621 51.

1 1642 7 1655 ¹⁷
161 1657 226 1702 Οὔ
257 1675 303 1702 σε
330 1661 455 1701 κυνῶν
487 1656 606 1710 γένος
635 1654 713 1701 εἷλ’
745 1659 942 1713 Εὐριπίδη
972 1661 1061 1703 οὐδὲ
1084 1662 1283 1713 ’γυναικὸς

278 1736 432 1793 οἶστρος
465 1738 534 1782 τὸν
566 1738 729 1788 σκοτίης
763 1738 962 1793 Κύπριδος
993 1739 1234 1795 ἀλλότριον,

157 1820 259 1863 ἀλλ’
285 1819 426 1869 Ἀΐδης
456 1818 526 1862 καὶ
559 1824 716 1874 γῆρας·
750 1819 875 1863 ὑπαὶ
908 1821 1088 1878 Μακέτη
1119 1821 1154 1865 δ’
1180 1821 1397 1877 Ἀρεθούσῃ

278 1905 414 1943 κεῖσαι
445 1901 622 1957 ἑταιρείῃ
652 1900 788 1953 τίμιος
822 1902 1062 1956 ’Λρχέλεαν

158 1980 226 2024 σὸν
253 1980 288 2023 δ’
314 1981 358 2024 οὐ
390 1983 534 2024 τοῦτον
566 1981 648 2032 ἐγὼ
678 1981 845 2033 τίθεμαι
873 1980 1037 2036 τάφον,
1071 1982 1193 2026 ἄλλα
1224 1983 1282 2026 τά
1309 1981 1480 2037 Βάκχου

278 2061 462 2115 βήματα
488 2061 558 2105 καὶ
591 2060 746 2110 σκηνάς
779 2059 992 2113 ἔμβαλε
1023 2053 1345 2115 πειθομένας.

41 2141 114 2186 vs.
139 2145 166 2185 3
199 2141 400 2184 vitiosum
433 2150 495 2184 est
523 2140 642 2183 ὑπαί.
706 2140 991 2184 scribendum
1023 2142 1124 2191 ε’πί,
1160 2157 1294 2200 quum
1322 2142 1376 2186 de
1408 2143 1512 2187 urbe

0 2172 177 2307 {sermo
214 2221 284 2265 sit.
350 2221 422 2264 Vs.
459 2221 486 2263 6
529 2219 797 2263 Hermannus
843 2218 1032 2272 ἐμβάδι,
1079 2220 1194 2279 quod
1232 2218 1397 2282 recepi&
1443 2223 1510 2267 Ia-

0 2307 14 2360 ξῑ
40 2301 225 2347 cobsius.
305 2299 388 2345 Sed
433 2299 575 2353 ἐμβάς
623 2301 765 2359 potius
807 2315 980 2343 soccum
1029 2300 1271 2359 significare
1325 2302 1509 2350 videtur.

0 2362 13 2452 ζ
41 2381 192 2441 Neque
231 2379 461 2424 admodum
506 2379 649 2439 placet
681 2379 846 2424 dictum
889 2379 1035 2430 σκηναὶ
1068 2379 1227 2434 ἐμβάδι
1255 2381 1508 2437 πειθόμεναι.

0 2466 9 2520 3
44 2462 182 2519 Quare
208 2461 484 2505 scribendum
513 2468 646 2521 puto:

0 2522 9 2538 ἵ
583 2540 653 2584 καὶ
687 2545 856 2590 σκηναῖς
888 2540 1104 2594 σάμβαλα
1135 2540 1384 2596 πειθόμενα,

41 2623 72 2668 i.
95 2637 131 2666 e.
164 2621 382 2675 σάμβαλα
413 2620 601 2671 σκηνικά.
671 2620 828 2665 Confer
866 2621 1058 2682 Philipp.
1081 2624 1148 2678 ⁴VI
1166 2657 1176 2676 ,
1216 2626 1315 2679 103.
1351 2627 1392 2670 4.
1425 2625 1508 2670 ἰθύ-

39 2700 179 2756 δρομόν
207 2719 255 2746 τε
282 2700 425 2756 πρίονα
450 2702 625 2757 μιλτείῳ
650 2700 876 2754 στάγματι
905 2702 1155 2756 πειθόμενον.
1221 2706 1276 2750 Et
1301 2705 1386 2749 alio
1410 2706 1507 2751 loco

42 2797 188 2827 manus
219 2783 395 2827 artificis
422 2782 625 2828 dicuntur
658 2787 797 2839 χεῖρες
824 2782 954 2840 τέχνη
979 2784 1229 2838 πειθόμεναι.

104 2863 331 2922 Antipater
362 2879 401 2910 c.
431 2866 503 2908 65.
