1794 3412
901 249 1133 289 -72—-

479 369 559 415 κείς
586 370 722 410 σκῦλα
743 368 919 421 γράψεις
951 387 1033 419 πως
1061 373 1126 413 ἐπ’
1154 370 1314 424 Ἰνάχου
1341 376 1445 426 ῥοαῖς
1463 389 1471 397 ’

478 445 624 496 Θήβας
656 448 841 499 πυρώσας
871 448 992 498 τάςδε
1023 451 1265 499 Πολυνείκης
1296 452 1394 500 θεοῖς

474 523 653 572 ἀσπίδας
685 523 812 574 ἔθηκε.

300 600 408 647 Gall.
454 601 549 647 nel.
586 605 685 648 185.
733 605 1024 662 inscriptiones
1076 607 1287 651 Leonidae
1324 609 1376 653 A.
1408 610 1456 653 P.
1488 609 1576 660 v1,
1626 611 1726 654 130.

302 684 400 725 131.
449 679 634 725 Nossidis
664 697 704 728 c.
729 685 826 728 132.
859 684 972 730 Plut.
1003 686 1158 732 Timol.
1190 701 1228 730 c.
1246 690 1319 732 31.
1349 687 1370 730 ὁ
1395 686 1615 743 Μάμερκος
1645 688 1724 736 τὰς

295 759 474 808 ἀσπίδας
499 759 661 810 ἀναθεὶς
686 766 770 812 τοῖς
796 764 895 812 θεοῖς
921 765 1101 816 ἐλεγεῖον
1131 765 1368 820 ἐπέγραψεν
1398 765 1626 820 ὑβριστικόν
1642 781 1651 790 ·

414 838 542 888 Τάςδ’
568 840 898 896 ὀστρειογραφεῖς
924 843 993 886 καὶ
1020 843 1527 898 χρυσελεφαντηλέκτρους

531 919 712 969 ἀσπίδας
742 921 942 971 ἀσπιδίοις
972 920 1134 975 εἵλομεν
1158 923 1389 972 εὐτελέσιν,

295 996 609 1056 inscriptionem
637 998 748 1058 apud
780 999 955 1045 Pausan.
987 1001 1047 1053 V,
1084 1003 1152 1046 10.
1181 1005 1224 1045 4.

412 1077 525 1126 Ναός
550 1079 627 1130 μὲν
651 1077 814 1133 φιάλαν
841 1079 1022 1133 χρυσέαν
1050 1079 1166 1133 ἔχει,
1199 1082 1245 1124 ἐκ
1274 1080 1316 1124 δὲ
1341 1081 1569 1134 Τανάγρας

527 1158 607 1204 τᾶς
633 1157 964 1210 Λακεδαιμονίοις
994 1159 1316 1214 συμμαχίδος
1346 1175 1406 1211 γε
1430 1159 1569 1203 τεθέν

409 1233 524 1288 δῶρον
549 1235 626 1277 ἀπ’
653 1229 847 1290 Ἀργείων
871 1237 941 1280 καὶ
968 1238 1284 1287 Ἀθηναίων’καὶ
1315 1238 1451 1282 Ἰώνων

525 1314 605 1356 τάν
629 1313 808 1358 δεκάταν
837 1316 951 1365 νίκας
982 1314 1116 1360 εἵνεκα
1143 1321 1199 1360 τῶ
1224 1317 1406 1369 πολέμω.

290 1390 354 1435 Ita
394 1390 499 1435 haec
551 1392 687 1437 edidit
734 1393 948 1438 Iacobsius
986 1396 1100 1454 App.
1145 1396 1226 1455 Ep.
1256 1399 1358 1440 255.
1421 1396 1566 1440 Plures
1605 1394 1722 1439 codi-

289 1483 356 1513 ces
385 1471 637 1525 συμμαχίας
667 1474 839 1523 τανθεν,
886 1472 998 1518 unde
1029 1474 1234 1532 Kayserus
1275 1475 1386 1520 Mus.
1428 1474 1565 1519 Rhen.
1596 1477 1724 1519 1847.

288 1563 333 1607 p.
364 1551 468 1595 361.
500 1548 583 1593 hoc
611 1549 723 1594 dono
759 1566 842 1594 non
883 1552 1142 1611 Tanagraeos
1170 1551 1240 1596 sed
1274 1552 1627 1597 Lacedaemonios
1654 1569 1725 1597 ve·

289 1636 456 1671 neratos
502 1644 589 1674 esse
633 1629 759 1673 deum
803 1639 989 1674 statuens
1037 1632 1244 1677 coniecit:
1292 1633 1365 1687 θεῷ
1409 1631 1723 1685 Λακεδαιμόνιοι

286 1706 519 1760 συμμαχία
557 1710 598 1750 τ’
633 1707 783 1752 ἀνέθεν.
858 1709 1066 1768 Equidem
1109 1710 1378 1755 scribendum
1423 1719 1553 1770 puto:
1596 1712 1643 1755 ἐκ
1681 1711 1724 1755 δὲ

285 1783 514 1839 Τανάγρας
541 1788 619 1835 τοῖς
646 1787 979 1840 Λακεδαιμονίοις
1002 1788 1162 1842 ἄνθεμα
1186 1789 1464 1845 συμμαχίδος.
1527 1790 1610 1835 Sed
1639 1791 1724 1834 ini-

288 1865 394 1908 tium
426 1878 597 1924 quoque
639 1880 779 1909 versus
816 1867 945 1925 primi
972 1867 1245 1926 depravatum
1282 1877 1373 1920 est,
1407 1868 1579 1927 clypeus
1609 1865 1720 1914 e'nim

284 1942 500 1987 dedicatus
538 1943 581 1986 in
608 1943 747 1987 fronte
775 1946 1002 2003 superioris
1032 1947 1163 2004 partis
1188 1946 1336 2007 templi
1368 1949 1573 2007 repositus
1597 1957 1686 1993 erat
1706 1981 1719 2002 ,

286 2024 355 2066 cui
392 2023 453 2066 rei
491 2038 512 2064 a
545 2023 743 2066 Pausania
783 2034 1037 2068 memoratae
1079 2041 1227 2084 parum
1266 2027 1522 2070 conveniunt
1561 2028 1723 2074 verbas

284 2101 376 2151 ναὸς
403 2127 463 2134 -—
484 2101 572 2156 ἔχει
591 2135 603 2152 ,
638 2118 747 2162 quae
773 2103 866 2147 aliis
891 2104 1149 2147 emendanda
1176 2105 1280 2148 mihi
1305 2105 1580 2164 relinquenda
1602 2116 1716 2152 sunt.

286 2181 353 2225 Ad
398 2180 578 2224 eundem
616 2183 886 2240 antiquorum
929 2197 1087 2226 morem
1127 2183 1286 2227 faciunt
1328 2195 1544 2243 praeterea
1594 2186 1717 2229 verba

283 2259 501 2304 Plutarchi
536 2260 766 2304 Flaminini
794 2276 831 2305 c.
863 2264 932 2307 12.
964 2263 1033 2306 καὶ
1061 2264 1184 2312 αὐτὸς
1207 2263 1249 2306 δὲ
1278 2264 1476 2316 μέγιστον
1501 2265 1718 2320 ἐφρόνησεν

281 2338 350 2382 ε’πὶ
387 2346 438 2394 τῇ
468 2345 541 2390 τῆς
583 2339 782 2389 Ἑλλάδος
809 2341 1088 2395 ἐλευθερώσει·
1129 2342 1290 2390 ἀναθεὶς
1321 2343 1405 2396 γὰρ
1435 2344 1491 2392 εἰς
1523 2345 1715 2399 Δελφοὺς

282 2418 460 2467 ἀσπίδας
488 2420 670 2473 ἀργυρᾶς
702 2421 770 2464 καὶ
798 2420 866 2463 τὸν
896 2421 1041 2464 ἑαυτοῦ
1070 2421 1199 2475 θυρεὸν
1228 2421 1442 2476 ἐπέγραψε
1456 2438 1468 2449 ·

399 2497 526 2547 Ζανὸς
553 2499 595 2541 ἰὼ
626 2504 858 2552 κραιπναῖσι
885 2499 1111 2553 γεγαθότες
1143 2501 1405 2545 ἱπποσύναισι

518 2581 668 2631 κοῦροι,
703 2579 744 2621 ἰὼ
770 2579 968 2634 Σπάρτας
996 2580 1237 2634 Τυνδαρίδαι
1262 2581 1475 2632 βασιλεῖς,

398 2655 599 2705 Αἰνεάδας
625 2657 748 2706 Τίτος
775 2658 905 2711 ὔμμιν
932 2659 1155 2713 ὑπέρτατον
1184 2660 1323 2703 ὤπασε
1349 2661 1463 2715 δῶρον

515 2735 724 2783 Ἑλλάνων
749 2738 898 2789 τεύξας
924 2739 1064 2783 παισὶν
1094 2740 1331 2792 ἐλευθερίαν.

281 2815 328 2861 In
359 2830 442 2874 quo
474 2816 620 2876 scripsi
649 2817 773 2866 Ζανὸς
803 2827 843 2862 et
871 2818 1092 2864 Ἑλλάνων.
1158 2819 1367 2862 Iacobsius
1406 2820 1447 2862 in
1483 2819 1592 2880 App.
1630 2821 1707 2881 Ep.

1790 2760 1794 2790 i

1792 2802 1794 2824 ι

1791 2826 1794 2908 ἓ
