1794 3412
628 290 899 331 -147—

14 421 139 465 *sime
167 421 209 462 ἐν
233 421 351 463 πᾶσι.
419 416 543 473 Quod
574 417 719 475 inepte
747 423 968 459 mutarunt
998 414 1041 456 in
1074 411 1208 456 παισί,
1272 410 1365 455 Hoc
1392 417 1501 454 esset

34 501 224 562 »puerili
255 508 390 544 aetate
417 499 502 542 fuit
524 498 736 553 μέτριος.”
803 498 931 555 Quasi
960 497 1204 556 oppositum
1228 501 1358 538 esset:
1391 491 1499 546 χορῷ

16 581 195 637 ἀνδρῶν.
260 579 345 625 Sed
375 579 457 623 hoc
481 579 703 630 additum,
736 577 852 638 quod
877 577 1000 621 chori
1029 579 1142 620 inter
1171 577 1354 620 Graecos
1382 580 1504 617 erant

34 665 183 719 ἀνδρῶν
224 671 267 707 et
308 661 427 705 chori
463 661 633 705 παίδων.
699 659 852 719 Neque
892 660 1026 703 virtus
1068 659 1242 703 Graecis
1285 653 1502 710 μετριότης

39 745 153 789 dicta
185 745 227 787 in
260 757 396 803 puero
424 742 643 793 cernitur,
677 740 750 785 sed
788 742 832 784 in
873 742 978 784 viro.
1044 739 1112 784 Ad
1143 740 1185 782 ἐν
1212 739 1319 781 πᾶσι
1357 736 1505 780 confer

40 825 210 871 Gallim.
242 829 294 868 A.
324 824 373 868 P.
402 823 467 876 V,
505 824 604 866 146.
641 825 686 867 3.
727 821 872 865 εὐαίων
913 822 957 862 ἐν
995 821 1123 863 πᾶσιν
1160 818 1356 873 οέρίζαλος
1389 825 1504 872 Βερε-

37 907 146 950 νίκα.
183 906 233 962 Ω.
259 902 496 962 Smyrn.1,
532 903 605 946 38.
637 903 679 943 ἐν
705 903 835 944 πᾶσιν
868 898 1059 954 ἀρίζηλος
1100 903 1306 950 γεγαυῖα.
1343 898 1510 943 Athen.

39 988 108 1039 V,
141 989 246 1031 211.
280 983 332 1029 G.
370 985 390 1026 ὃ
425 983 460 1026 δ’
496 981 764 1036 Ἀλέξανδρος
803 981 999 1036 προςηνης
1033 979 1078 1031 ἧν
1108 980 1150 1022 ἐν
1188 981 1333 1023 ἰι-ἄσιν.
1380 978 1509 1023 Dion.

38 1067 138 1112 Hal.
173 1074 207 1112 t.
234 1065 293 1109 VI
314 1098 326 1117 ,
359 1080 406 1124 p.
432 1066 538 1109 774.
573 1064 596 1114 ἦ
624 1063 700 1115 μὲν
727 1062 813 1116 γὰρ
841 1059 1052 1116 Ἡροδότου
1078 1059 1256 1109 διάθεσις
1280 1061 1322 1102 ἐν
1347 1058 1508 1103 ἅπασιν

41 1147 235 1199 ἐπιεικής.
271 1145 411 1192 Clem.
446 1146 516 1189 Al.
552 1144 715 1190 Strom.
746 1144 857 1194 VII,
893 1146 936 1188 7.
973 1145 1014 1199 §.
1043 1146 1117 1187 35.
1150 1143 1168 1186 ὃ
1195 1141 1422 1194 γνωστικὸς
1455 1133 1511 1184 οἶ-

39 1232 219 1274 κειοῦται
262 1229 336 1282 θεῷ
377 1227 525 1280 σεμνὸς
558 1226 610 1270 ὢν
653 1224 749 1278 ἅμα
792 1224 861 1267 καὶ
905 1223 1045 1278 ἱλαρὸς
1089 1224 1130 1266 ἐν
1167 1226 1289 1266 πᾶσι.
1355 1223 1429 1266 Vs:
1468 1225 1512 1267 4.

41 1309 152 1355 mihi
195 1310 356 1354 rectius
403 1307 602 1352 videtur:
651 1308 709 1356 εἰς
747 1307 794 1350 τὸ
833 1306 961 1350 καλὸν
1004 1306 1128 1359 ὁρῶν,
1178 1313 1227 1348 ut
1267 1304 1382 1365 App.
1427 1305 1512 1364 Ep.

43 1394 147 1437 313.
183 1393 227 1437 4.

161 1470 320 1525 μηδένα
349 1471 544 1522 λυπήσας
571 1470 674 1513 ἀλλ’
706 1470 763 1518 εἰς
793 1469 841 1512 τὸ
869 1467 1022 1512 δίκαιον
1049 1469 1244 1522 ἀθρήσας.

44 1552 254 1613 Vulgatae
283 1560 426 1596 tamen
450 1549 635 1595 tuendae
665 1549 884 1594 admoveri
907 1557 1086 1609 possunt
1117 1549 1227 1592 Xen.
1263 1548 1364 1606 Cyr.
1390 1546 1514 1601 VIII,

47 1641 89 1680 1.
124 1635 200 1679 26.
244 1633 292 1677 τὸ
331 1632 486 1677 δίκαιον
527 1633 704 1686 ἰσχυρῶς
748 1632 859 1686 δρῶν.
926 1630 1006 1674 Dio
1052 1628 1208 1688 Chrysi.
1241 1628 1319 1674 Or.
1348 1629 1512 1674 XXXI.

43 1733 90 1777 p.
124 1716 227 1761 598.
269 1715 318 1758 τὸ
359 1714 578 1763 λυσιτελὲς
626 1711 775 1757 οἴονται
816 1712 898 1756 δεῖν
940 1729 1047 1760 τινες
1090 1711 1186 1766 ὂρᾶν
1227 1710 1274 1762 ἐξ
1311 1708 1512 1760 ἅπαντος.

45 1795 234 1840 Donario
266 1803 446 1854 propter
477 1793 656 1838 eandem
695 1808 785 1837 rem
825 1793 978 1836 laetam
1009 1791 1180 1836 Baccho
1212 1800 1377 1835 sacrato
1409 1793 1518 1835 inci-

45 1892 136 1921 sum
169 1876 254 1920 fuit
283 1875 499 1919 distichon
533 1875 812 1919 Anacreontis
847 1875 899 1918 A.
926 1874 976 1920 Ρ.
1005 1874 1093 1925 VI,
1132 1875 1232 1917 140.

164 1956 280 2000 παιδὶ
308 1955 623 2011 φιλοστεφάνου
657 1953 854 2007 Σεμέλας
886 1952 1055 2002 ἀνέθηκε
1082 1952 1299 2000 Μέλανθος

200 2048 202 2050 “
286 2039 440 2089 μνᾶμα
470 2040 595 2091 χοροῦ
626 2035 742 2084 νίκας
775 2036 857 2083 υἱὸς
890 2033 1147 2090 Ἀρηῖφίλου.

47 2119 124 2162 ubi
159 2118 465 2163 scribendum:

167 2199 282 2242 παιδὶ
309 2197 608 2254 φιλοστεφάνῳ
643 2197 838 2250 Σεμέλας
867 2199 912 2249 μ’
937 2196 1105 2246 οένὲθηκε
1128 2195 1362 2246 Μελαντας
1394 2199 1482 2240 κτὲ.

39 2279 284 2340 Epitheton
324 2280 439 2323 enim
480 2277 590 2321 illud
633 2276 794 2321 Bacchi
837 2285 922 2326 est,
974 2291 1057 2320 non
1094 2275 1297 2322 Semeles,
1362 2279 1416 2321 Et
1460 2279 1520 2322 ita

46 2363 132 2405 iam
160 2359 386 2406 Barnesius
418 2358 640 2403 iudicavit.
704 2358 962 2401 Pronomine
989 2364 1063 2399 aut
1100 2356 1362 2401 substantivo
1383 2391 1394 2409 ,
1430 2374 1516 2416 quo

40 2441 272 2486 >donarium
316 2439 508 2491 dieitur,
544 2437 691 2481 addito
731 2453 837 2497 opus
875 2446 968 2490 est,
1002 2445 1051 2480 ut
1084 2438 1127 2480 in
1169 2437 1359 2482 eiusdem
1403 2440 1518 2483 Ana-

49 2523 233 2567 creontis
260 2522 541 2582 inscriptione
578 2535 617 2565 e.
654 2522 754 2564 142.

170 2602 260 2647 Σοὶν
292 2620 338 2646 τε
366 2602 491 2657 χάριν
522 2601 693 2645 Διόνυσε
722 2601 790 2644 καὶ
820 2600 984 2652 ἀγλαὸν
1011 2599 1136 2645 &aaut
1155 2601 1307 2654 κόσμον

289 2681 530 2730 Θεσσαλίας
559 2684 605 2734 μ’
632 2680 793 2730 ἀνέθηκ’
821 2682 950 2736 ἀρχὸς
983 2683 1312 2738 Ἐχεκρατίδας,

171 2846 269 2902 Πρὶν
296 2847 370 2898 μὲν
394 2844 659 2893 Καλλιτέλης
692 2846 738 2896 μ’
766 2843 956 2897 ἱδρύσατο
977 2859 985 2867 ·
1019 2844 1131 2887 τόνδε
1161 2845 1194 2887 δ’
1223 2845 1372 2889 ἐκείνου

295 2926 449 2981 ἔκγονοι
479 2926 698 2971 ἐστοίσανθ’
729 2923 783 2974 οἷς
807 2923 930 2982 χάριν
956 2926 1171 2970 οξντιδίδου.

1126 3008 1208 3050 10*
