1794 3412
644 253 913 294 -355—

155 385 274 431 πῖνε,
309 379 428 432 λέγει
458 378 506 422 τὸ
533 375 748 430 γλὺμμοι,
777 373 847 419 καὶ
871 372 977 418 ἔσθιε
1005 372 1087 417 καῖ
1104 372 1304 428 περίκεισο

275 458 426 511 ἄνθεα,

36 541 110 585 ubi
137 545 231 584 πῖνε
262 550 307 584 et
333 539 439 584 ἔσθιε
472 538 656 598 legitur,
686 537 881 596 sequitur
913 550 1062 579 vocem
1096 534 1381 590 ἄρτολάγυνος
1420 541 1506 576 non

36 620 280 666 tentandam
309 621 437 664 fuisse
455 651 469 672 ,
502 619 604 662 licet
627 617 682 661 de
711 618 802 680 eius
832 617 1188 676 interpretatione
1216 615 1377 674 ambigi
1409 627 1507 673 pos·

33 703 106 748 sit.
150 701 233 746 Sed
260 703 303 745 in
333 700 613 760 inscriptione
654 713 782 758 quam
824 697 955 757 paulo
1003 705 1102 757 post
1143 697 1358 758 apposui,
1392 696 1508 754 App.

35 784 118 843 Ep.
151 798 191 828 c.
231 784 339 827 141.-

155 862 345 917 Γραιμμὰ
371 860 614 916 Παρρασίοιο
645 859 783 914 τέχναι
812 856 1095 911 Μυός·.ἕμμὶ
1120 858 1163 902 δὲ
1186 858 1302 902 εἰκῶν

276 941 384 985 'ulcu
407 942 600 989 αἰπεινᾶς
626 939 680 983 ἂν
705 938 816 983 ἕλον
842 938 1086 982 Αἰακίδαι
1103 971 1116 988 ,

35 1021 209 1067 offendit
248 1020 459 1066 Αἰακίδαι.
525 1020 708 1064 Graecos
753 1020 869 1063 enim
916 1034 1061 1063 omnes
1105 1017 1399 1063 Aeacidarum>
1425 1031 1510 1060 no·-

37 1105 152 1148 mine
177 1103 314 1147 dictos
341 1103 467 1146 fuisse
491 1116 644 1161 parum
673 1099 942 1153 verosimile,
977 1115 1118 1160 neque
1146 1099 1200 1144 de
1231 1114 1318 1143 uno
1344 1097 1512 1157 Pyrrho

38 1185 198 1244 plurali
224 1185 286 1228 uti
317 1183 435 1228 licet.
499 1183 775 1242 Quapropter
800 1182 998 1240 corrigo:

520 1259 574 1305 ἂν
605 1260 699 1306 ἕλεν
727 1260 949 1311 Αἰακίδας.

41 1347 95 1390 Et
126 1359 205 1404 pro
231 1343 474 1399 nappom'oco
505 1343 654 1387 malim
682 1341 915 1397 nappoeera'co.

101 1426 149 1472 P.
183 1427 286 1471 197.
318 1427 362 1470 7.
405 1431 585 1470 exstant.
619 1422 669 1468 C·
704 1432 854 1469 exstat.

102 1530 163 1539 —-
194 1507 299 1550 201.
331 1506 406 1550 32.
451 1503 538 1563 Ap.
567 1502 639 1548 Rl.
676 1503 728 1548 C.
761 1503 847 1562 Ap.
880 1501 968 1547 Rh.

101 1612 165 1620 -·
194 1587 299 1630 202.
337 1586 408 1630 12.
452 1581 666 1636 μνιόεντα.
701 1582 752 1628 C.
783 1579 994 1635 μνιόεντα.

87 1654 163 1700 ¹—-
194 1668 299 1711 205.
335 1669 377 1711 4.
426 1664 573 1710 Oculi.
609 1664 660 1709 G.
695 1663 826 1708 oculi.

103 1772 166 1780 —
196 1748 302 1792 207.
338 1747 409 1790 13.
456 1743 603 1788 addita
629 1743 892 1789 Brunckius.
926 1742 978 1788 G.
1015 1741 1176 1788 addita.
1210 1741 1470 1788 Brunckius.

105 1851 168 1859 —
212 1851 273 1858 —
318 1826 394 1870 26.
441 1823 659 1869 Seidlerus
707 1821 930 1869 Plutarch.
975 1819 1028 1869 G.
1069 1822 1288 1868 Seidlerus
1324 1839 1375 1869 ex
1415 1823 1519 1869 Plu-

49 1905 215 1952 tarcho.
489 1960 507 1972 κ

107 1988 158 2033 P.
193 1988 298 2032 207.
332 1988 407 2031 27.
462 1985 722 2029 nobilissima
778 1983 1073 2029 scribendum.
1124 1984 1176 2030 C.
1234 1984 1517 2032 nobilissima.

0 2093 3 2100 =
46 2066 352 2114 scribendum.

0 2103 5 2165 l
110 2149 159 2194 P.
193 2150 298 2191 211.
333 2149 377 2191 3.
421 2160 485 2189 us.
521 2143 573 2192 C.
605 2153 665 2189 et.

109 2255 171 2262 —
217 2254 277 2261 —
322 2229 368 2273 6.
411 2224 520 2269 adde
546 2224 770 2270 cimmo-lx
803 2225 855 2270 A.
887 2226 938 2271 P.
968 2225 1075 2278 XV,
1110 2227 1151 2270 8.
1186 2227 1230 2271 2.

109 2335 170 2342 -
201 2311 307 2354 214.
341 2309 416 2353 32.
458 2303 656 2350 otreio-cst.
691 2305 742 2351 C.
775 2304 972 2350 πτώσσει.

111 2415 173 2422 -—
203 2390 306 2434 217.
344 2388 413 2431 18.
445 2385 712 2430 reddendum
736 2385 924 2432 videtur.
944 2385 996 2432 G.
1028 2384 1199 2430 reddidi
1222 2400 1349 2446 supra
1380 2403 1426 2447 p.
1446 2390 1520 2434 99.

112 2495 173 2504 —-
204 2471 307 2515 218.
343 2470 415 2514 19.
462 2468 514 2513 In
542 2467 746 2526 Meleagri
778 2467 1093 2527 epigrammatis
1126 2468 1380 2527 posterioris
1406 2467 1523 2513 disti-

53 2551 137 2594 cho
168 2547 385 2594 secundo:

177 2630 208 2673 οὶ
237 2628 314 2683 μὲν
344 2628 413 2673 ἐπὶ
441 2629 601 2683 χρωτὸς
633 2627 785 2680 θεμένα
812 2626 957 2680 πόθον,
988 2628 1020 2672 ἁ
1050 2628 1086 2672 δ’
1116 2628 1186 2672 ἐπὶ
1218 2631 1386 2684 μορφᾶς

295 2708 430 2764 ἵμερον
447 2743 460 2759 ,
494 2710 525 2752 οὶ
546 2695 597 2753 ,δὲ
628 2707 769 2761 λόγοις
799 2709 847 2752 τὸ
878 2707 1144 2762 γλυκύμυθον
1174 2707 1282 2758 ἔπος.

58 2791 134 2834 ubi
164 2791 357 2836 conieci:
403 2790 434 2834 οἱ
460 2790 495 2834 δ’
526 2789 655 2845 ὀάροις
687 2790 734 2833 τὸ
772 2789 1038 2843 γλυκύθυμον
1078 2788 1205 2839 ἔπος,
1253 2789 1525 2836 animadver-

58 2870 233 2916 tendum
275 2880 492 2932 praeterea
513 2905 526 2926 ,
561 2872 592 2915 si
626 2871 883 2933 epigramma
924 2886 1002 2931 per
1033 2887 1076 2916 se
1118 2871 1334 2931 integrum
1367 2870 1527 2918 habea-

1127 2951 1219 2994 23⁸
