1794 3412
655 226 892 266 -15—

46 357 160 401 mine
181 387 192 407 ,
224 353 338 413 quod
383 351 489 396 mihi
519 350 685 395 videtur
717 352 758 394 in
802 351 895 410 ipso
923 349 1086 392 lenonis
1117 346 1314 407 sepulcro
1350 345 1506 391 lectum

45 437 200 488 fuisse,
233 435 288 480 Α.
321 435 368 479 Ρ.
401 434 513 485 Vll,
545 435 651 478 403.

164 516 332 568 Ψύᾼλος
360 515 379 558 5
411 514 491 564 τὰς
521 512 688 562 momen,-
720 511 981 565 ἐπιμισθίδοις
1011 510 1099 554 αἰὲν
1131 509 1297 565 ἑταίρας

285 595 462 649 πέμπων
489 595 530 644 ἐς
562 594 621 638 τὰ
648 592 743 637 νέων
772 591 872 644 aasz
901 590 1118 645 συμπόσια
1134 625 1148 640 ,

165 675 281 727 οὗτος
311 677 332 720 5
362 675 534 731 θηρεύων
563 672 968 729 οὶποιλόφροναις
1001 669 1140 715 ἐνθάδε
1170 674 1307 715 κεῖται

283 758 457 812 αἰσχρὸν
485 757 565 800 ἀπ’
590 755 805 808 ἀνθρώπων
836 752 978 805 μισθὸν
1007 749 1287 804 ἐνεγκάμενος
1303 764 1314 775 ·

166 838 286 882 ἀλλὰ
314 837 448 885 λίθους
479 834 547 878 ἐπὶ
574 833 739 887 τύμβον
766 831 943 886 ὁδοιπόρε
969 832 1080 884 μήτε
1111 831 1163 874 σὺ
1189 830 1336 883 βάλλε

283 918 386 969 μήτ’
414 914 548 959 ἄλλον
573 914 718 971 πείσῃς
735 928 745 940 ’
777 896 899 966 οἶμαι
927 911 1119 965 λέλογχε
1145 909 1287 959 νέκυς·

165 1001 312 1053 φεῖσαι
343 997 379 1040 δ’
404 997 487 1050 οὐχ
513 994 574 1040 ὅτι
600 995 733 1051 κέρδος
761 995 959 1051 ἐπῄνεσεν
987 994 1092 1037 ἀλλ’
1122 989 1184 1037 ὅτι
1212 990 1350 1040 κοινὰς

0 1070 5 1139 ⁸
281 1077 436 1133 θρέψαις
462 1076 677 1132 μοιχεύειν
708 1077 781 1120 οὐκ
812 1074 973 1126 ἐδίδαξε
1000 1073 1125 1124 νέους.

0 1141 5 1189 ⁸
49 1159 287 1204 Meinekius
339 1174 441 1203 vero
494 1175 542 1219 p.
577 1161 660 1204 183
704 1158 836 1217 Psylli
892 1157 1059 1201 lenonis
1114 1169 1273 1200 nomen
1323 1167 1374 1198 ex
1418 1152 1512 1198 Me·

46 1240 209 1286 nandro
239 1240 478 1285 derivatum
521 1248 662 1300 putat.
726 1239 847 1283 Idem
893 1254 971 1298 pro
999 1236 1301 1293 ἁπαλόφρονοις
1329 1234 1514 1279 coniecit

0 1310 2 1315 λ
43 1321 335 1377 οἶτοελόφρονοις
364 1336 452 1381 quo
481 1320 714 1365 iuventutis
731 1320 946 1379 imperitia
974 1319 1127 1363 melius
1145 1317 1361 1362 indicetur
1384 1329 1514 1375 quam

0 1402 3 1438 ἑ
47 1403 196 1448 attero.
262 1403 356 1446 Hoc
384 1417 482 1446 sane
509 1402 806 1454 verissimum,
840 1400 913 1445 sed
940 1400 1046 1445 mihi
1076 1400 1148 1444 hic
1175 1398 1350 1458 pulcrae
1378 1397 1516 1457 potis-

1 1496 3 1499 ·
47 1483 200 1526 simum
237 1482 406 1543 puellae
443 1481 744 1527 memorandae
779 1481 1005 1533 videntur,
1039 1488 1089 1524 ut
1119 1479 1371 1524 Nicocrates
1400 1476 1515 1520 dici-

50 1572 119 1607 tur
146 1562 319 1618 ἔμπορος
350 1561 568 1618 εὐμόρφων
599 1566 820 1614 γυνοιικῶν.
887 1561 1032 1606 Malim
1058 1561 1190 1619 igitur
1220 1557 1515 1614 ἁπαλόχροας.

53 1644 125 1689 Vs.
161 1646 188 1687 6
233 1644 475 1687 Iacobsium
521 1643 661 1687 minus
706 1652 822 1688 recte
863 1643 1192 1702 interpretatum
1235 1655 1324 1684 esso
1375 1646 1516 1699 putot

51 1724 310 1785 parcendum
350 1740 440 1769 esse
476 1725 675 1786 sepulcro
697 1758 708 1778 ‚
745 1733 791 1768 ut
820 1724 882 1768 rei
919 1738 1093 1776 sacrae,
1127 1723 1324 1782 quamvis
1355 1722 1520 1782 impro⁴

51 1806 151 1849 bum
201 1814 314 1865 tegat
355 1807 509 1851 virum.
589 1806 834 1865 Respieitur
874 1805 1019 1865 potius
1061 1802 1370 1864 proverbium:
1418 1817 1518 1848 cum

50 1885 294 1930 bominibus
326 1888 508 1931 mortuis
549 1893 592 1931 et
623 1886 801 1946 sepultis
832 1885 1004 1930 nonnisi
1039 1885 1174 1929 larvas
1212 1884 1386 1930 luctari.
1448 1885 1520 1929 Si-

49 1969 210 2012 militer
238 1967 527 2012 Theodoridas
560 1968 615 2013 A.
633 1968 683 2012 P.
708 1967 843 2018 XIII,
871 1970 943 2012 21.
982 1971 1024 2013 7.
1057 1967 1260 2016 τέθνακε,
1294 1968 1354 2020 μὴ
1370 1964 1517 2019 βάλω-

48 2064 156 2101 μες,
201 2048 316 2109 quod
344 2048 397 2093 de
435 2048 647 2092 industria
676 2048 880 2108 ambiguo
922 2062 1046 2092 sensu
1085 2048 1302 2107 scripsisse
1349 2046 1520 2091 videtur

52 2138 193 2188 poeta.

112 2210 234 2268 Quod
276 2225 326 2254 ox
372 2210 723 2270 inscriptionibus
762 2208 1071 2268 sepulcralibus
1103 2209 1274 2253 elucere
1305 2209 1517 2260 diximus,

53 2291 165 2336 idem
209 2307 259 2335 ex
299 2291 493 2351 plurimis
539 2290 894 2349 inscriptionibus
936 2289 1124 2333 donariis
1177 2290 1332 2333 additis
1372 2298 1519 2349 patet,

53 2372 291 2431 antiquitus
324 2372 459 2416 multa
491 2387 602 2431 quae
631 2371 760 2416 hodie
791 2387 955 2416 summa
987 2386 1086 2417 cum
1117 2386 1218 2416 cura
1248 2371 1520 2416 occultantur

54 2461 96 2496 et
125 2469 174 2497 ex
210 2454 371 2498 civium
411 2454 546 2498 oculis
585 2461 860 2497 removentur
895 2453 952 2496 ob
982 2452 1025 2496 id
1058 2453 1199 2513 ipsum
1230 2452 1347 2513 quod
1378 2454 1520 2514 turpia

55 2543 151 2578 sunt
176 2543 219 2578 et
248 2534 487 2586 habentur,
522 2536 564 2578 in
595 2535 788 2579 omnium
815 2543 1047 2593 conspectu
1075 2535 1154 2578 sita
1186 2534 1317 2579 fuisse
1337 2569 1348 2589 ,
1384 2549 1520 2594 quum

57 2629 132 2658 nec
156 2614 377 2674 illegitima
404 2615 650 2659 viderentur
680 2630 820 2674 nequo
849 2614 1079 2658 admodum
1113 2616 1410 2676 vituperanda.
1454 2617 1519 2660 Ita

0 2725 2 2731 ·
57 2694 98 2737 in
117 2696 275 2757 templo
306 2697 604 2757 augustissimo
623 2697 834 2756 Apollinis
854 2696 1053 2756 Delphici
1079 2698 1192 2743 inter
1232 2711 1411 2742 munera
1430 2698 1520 2742 Deo

59 2773 198 2819 oblata
243 2778 619 2837 conspiciebantur
664 2776 935 2837 Rhodopidis
976 2779 1213 2823 meretricis
1257 2778 1433 2822 obelisci
1478 2788 1521 2823 et

61 2856 288 2915 conspicua
339 2867 429 2902 erat
473 2858 666 2917 Phrynes
711 2858 902 2917 effigies,
952 2859 1173 2904 Praxitelis
1219 2874 1355 2919 opus,
1405 2861 1518 2920 quod
