1794 3412
934 309 1195 349 —196—

350 426 411 470 οἷα
448 429 550 481 γέρα
582 427 676 480 πόρε
714 427 891 481 πατρίδι.
954 428 1190 471 Boeckhius
1223 428 1302 471 hoc
1335 430 1424 474 iure
1453 430 1580 473 refert
1610 429 1660 473 ad
1700 431 1776 473 As-

347 507 628 564 clepiodotum
674 506 811 550 Procli
859 506 1112 564 discipulum
1163 507 1367 551 Damascii
1405 511 1666 569 magistrum.
1728 510 1775 552 In

345 585 475 626 aliero
500 583 648 642 lapidis
678 583 808 628 latere
837 592 967 628 exstat
994 586 1171 629 alterum
1204 587 1457 645 epigramma
1485 587 1593 631 hoc:

459 661 632 714 Λάμπει
663 661 731 705 καὶ
762 662 968 716 φθιμένοις
997 664 1144 718 ἀρετῆς
1174 663 1283 719 φάος
1300 698 1312 714 ,
1348 661 1384 707 οἳ
1413 665 1500 719 περὶ
1533 666 1693 719 πάτρης

577 742 720 784 πολλοὶ
749 741 1017 795 πονησάμενοι
1047 741 1160 794 ξυνὸν
1191 742 1314 786 ἔθεντ’
1345 743 1517 798 ὄφελος·
1572 770 1575 773 >

462 821 789 875 Ἀσκληπιοδότῳ
819 821 942 873 λόγος
974 822 1143 875 ἥρμοσεν
1173 819 1202 876 ᾧ
1232 821 1351 871 πόλις
1382 822 1448 873 ἥδε

576 896 718 954 οἷάπερ
746 901 902 959 οἰκιστῇ
932 899 1036 944 τόνδ’
1066 900 1234 949 άνέθηκε
1264 901 1404 944 τύπον.

344 977 464 1033 Quod
495 986 606 1022 recte
644 995 666 1021 a
707 978 939 1023 Welckero
973 979 1240 1022 emendatum
1275 987 1353 1023 est.
1415 979 1488 1024 vs.
1521 982 1560 1023 1.
1593 992 1774 1022 marmor

340 1056 428 1110 περὶ
467 1055 611 1107 πάσα,
641 1065 683 1101 et
714 1073 774 1103 vs.
800 1060 843 1102 2.
876 1062 1434 1101 ΖΗΝΟΝΕΘΕΝΤΟΦΕΝ.
1497 1056 1604 1101 Item
1639 1071 1775 1100 versus

342 1137 415 1193 qui
449 1134 602 1195 legitur
632 1137 684 1180 Δ.
715 1135 761 1180 Ρ.
795 1136 862 1188 Χ,
901 1138 999 1181 lll.

425 1205 431 1212 ”
457 1214 508 1257 ‘O
540 1214 682 1269 φθόνος
711 1214 834 1264 αὐτὸς
865 1215 1008 1258 ἑαυτὸν
1038 1216 1114 1263 ἑοῖς
1144 1215 1335 1267 βελέεσσι
1367 1213 1541 1267 δαμάζει

340 1292 477 1336 editus
509 1309 557 1337 ex
599 1293 739 1353 lapide
772 1293 822 1337 G.
852 1293 886 1338 Ι.
932 1308 971 1338 c.
1002 1296 1129 1339 1935.
1168 1301 1210 1336 et
1251 1293 1453 1336 sententia
1488 1290 1670 1335 disticho
1708 1293 1770 1334 in-

340 1372 452 1415 clusa
486 1373 538 1417 A.
567 1374 615 1416 P.
647 1372 706 1416 XI
727 1405 737 1423 ‚
776 1375 875 1417 193.

455 1453 506 1493 ‘O
538 1449 680 1504 φθόνος
710 1450 796 1493 ἐστὶ
828 1449 1044 1499 κάκιστος,
1078 1449 1166 1502 ἔχει
1199 1449 1240 1492 δέ
1271 1466 1310 1492 τι
1342 1449 1468 1491 καλὸν
1499 1449 1539 1490 ἕν
1570 1448 1679 1501 αὑτῷ
1698 1462 1709 1474 ·

571 1530 685 1579 τήκει
717 1528 800 1582 γάρ
830 1529 1024 1583 φθονερῶν
1055 1529 1230 1579 ὄμματα
1260 1526 1328 1569 καὶ
1361 1525 1521 1579 κραδίην
1539 1559 1551 1575 .

340 1610 380 1650 in
408 1609 533 1667 cippo
565 1607 760 1666 Lugduni
790 1615 913 1651 eruto
951 1607 1186 1666 subscripta
1228 1606 1382 1663 legitur
1423 1604 1549 1648 titulo
1588 1605 1771 1657 Latino,

340 1703 379 1732 v.
412 1687 632 1731 Welcker.
663 1686 713 1729 ad
754 1686 863 1745 Syll.
896 1687 1044 1745 Epigr.
1077 1701 1122 1745 p.
1144 1687 1217 1730 94.
1279 1685 1345 1728 lbi
1374 1685 1529 1727 rectius
1568 1685 1771 1743 scriptum

337 1776 427 1810 est:
462 1768 481 1810 ὃ
510 1765 653 1822 φθόνος
683 1767 734 1815 ὥς
758 1765 882 1809 κακόν
908 1766 1044 1814 ἐστιν,
1079 1764 1148 1808 sed
1182 1763 1291 1807 male
1317 1779 1394 1822 pro
1420 1763 1462 1806 δέ
1491 1763 1644 1822 legitur
1669 1762 1766 1816 γάρ.

338 1849 391 1890 Et
418 1848 671 1906 epigramma
700 1844 809 1903 apud
845 1844 1073 1903 Cephalam
1099 1842 1351 1896 συμποτικόν
1383 1843 1434 1888 Δ.
1467 1843 1514 1887 Ρ.
1546 1842 1632 1892 XI,
1665 1845 1707 1888 8.

451 1928 523 1975 Μὴ
554 1925 664 1978 μύρα
688 1926 747 1976 μὴ
772 1923 1001 1977 στεφάνους
1032 1922 1199 1970 λιθίναις
1226 1924 1418 1973 στήλαισι
1449 1921 1646 1975 χαρίζου,

573 2004 675 2056 μηδὲ
705 2003 751 2046 τὸ
781 2006 860 2055 πῦρ
890 2000 1074 2056 φλέξης·
1105 2002 1161 2049 εἷς
1193 2001 1302 2043 κενὸν
1334 2002 1357 2050 ἦ
1388 2000 1549 2048 δαπάνη
1571 2015 1581 2024 ·

451 2083 568 2137 ζῶντί
591 2098 685 2134 μοι,
719 2081 757 2123 εί
780 2097 819 2124 τι
848 2080 996 2128 θέλεις,
1030 2078 1227 2133 χάρισαι·
1257 2077 1410 2133 τέφρην
1437 2078 1478 2121 δὲ
1501 2077 1708 2130 μεθύσκων

566 2160 696 2211 πηλὸν
726 2161 903 2211 ποιήσεις
935 2160 1042 2212 κούχ
1072 2159 1090 2201 ὅ
1121 2160 1243 2201 θανὼν
1274 2157 1430 2200 πίεται.

334 2257 416 2285 uno
461 2239 644 2284 disticho
690 2240 852 2282 auctius
897 2237 1050 2296 legitur
1101 2238 1143 2280 in
1195 2235 1418 2295 sepulcrali
1471 2234 1611 2294 lapide
1653 2235 1763 2294 apud

334 2321 608 2364 Welckerum
643 2319 752 2378 Syll.
785 2334 830 2364 n.
859 2320 932 2363 60.

448 2402 560 2443 τοῦτ’
587 2398 733 2451 ἔσομαι
757 2397 842 2451 γὰρ
871 2397 976 2448 ἐγών
994 2411 1005 2420 ·
1036 2396 1086 2439 σὺ
1117 2395 1158 2438 δὲ
1188 2394 1343 2443 τούτοις
1375 2398 1455 2446 γῆν
1481 2395 1691 2447 ε’πιχῶσας

368 2526 371 2532 1
567 2475 653 2532 εἶφ’
682 2474 743 2519 ὅτι
773 2476 844 2518 οὐκ
875 2475 924 2518 ὢν
952 2473 1023 2525 ἦν,
1055 2477 1172 2517 τοῦτο
1198 2473 1327 2516 πάλιν
1357 2472 1527 2525 γέγονα.

332 2557 495 2601 Ibidem
525 2572 584 2601 vs.
615 2559 653 2600 1.
686 2555 862 2614 legitur:
899 2552 1127 2608 στεφάνους
1153 2554 1285 2609 στήλη
1310 2552 1486 2607 χαρίσῃ,
1520 2551 1626 2600 λίθος
1648 2551 1761 2599 ε’στί,

331 2646 371 2680 et
405 2652 462 2682 vs.
490 2639 530 2680 3.
562 2634 679 2689 ζῶντί
703 2650 770 2687 μοι
797 2633 835 2676 εἴ
858 2650 897 2677 τι
921 2632 1033 2686 ἔχεις
1059 2631 1250 2684 μετάδος.
1316 2631 1523 2676 Ultimum
1551 2629 1761 2673 distichon

332 2716 549 2760 intellectu
581 2713 792 2756 difficilius
819 2713 1042 2757 resecuisse
1074 2710 1240 2753 videtur
1271 2710 1490 2769 Cephalus.
1536 2709 1602 2752 Ab
1629 2709 1760 2752 altero

331 2795 460 2836 latere
504 2791 656 2851 legitur
697 2792 915 2851 inscriptio
959 2793 1070 2848 App.
1114 2790 1193 2848 Ep.
1236 2803 1275 2832 c.
1302 2790 1403 2832 236.
1467 2789 1519 2831 Et
1564 2787 1760 2831 ultimum

329 2872 537 2916 distichon
569 2873 879 2931 epigrammatis
922 2869 1160 2913 Polemonis
1193 2868 1316 2925 Regis
1350 2869 1401 2911 Δ.
1435 2867 1481 2910 Ρ.
1511 2867 1594 2918 ΧΙ,
1631 2870 1699 2910 38.
