1794 3412
934 270 1168 310 ...30-

338 390 390 435 Ν,
424 390 476 434 Α.
506 391 581 442 11,
616 393 686 432 24.
724 395 795 440 8.‚
837 403 979 433 verum
1018 393 1142 433 etiam
1183 390 1367 433 carmina
1406 392 1566 434 minora
1601 401 1641 435 et
1677 395 1768 452 opi-

337 477 563 525 grammata
587 500 597 519 ,
630 476 676 510 ut
717 468 1002 526 Asclepiadis,
1034 469 1087 512 da
1123 468 1276 526 quibus
1317 469 1502 527 Hedylua
1545 471 1650 517 Ath.
1678 472 1766 524 xl,

342 549 425 590 473
458 550 510 590 A.
1475 606 1481 610 .

454 623 527 674 Ἐξ
553 627 642 673 ἠοῦς
674 626 729 672 εἰς
758 624 888 667 νύκτα
913 624 981 668 καὶ
1009 626 1055 667 ἐκ
1081 629 1230 668 νυκτῶν
1256 624 1362 669 πάλι
1396 633 1562 678 Σωκλῆς

572 704 628 752 εἰς
661 705 751 753 ἠοῦν
782 704 886 747 πίνει
910 705 1168 758 τετραχόοισι
1194 704 1329 753 κάδοις
1346 719 1356 730 ·

453 781 529 826 εἶτ’
555 781 754 838 ἐξαίφνης
779 799 856 826 που
885 783 1014 837 τυχὸν
1043 783 1232 837 οἴχεται,
1266 784 1386 828 ἀλλὰ
1412 788 1509 838 παρ’
1538 783 1637 828 οἶνον

573 863 782 907 Σικελίδου
811 862 949 916 παίζει
975 863 1106 907 πουλὺ
1131 863 1420 919 μελιχρότερον
1439 877 1450 889 ·

455 941 542 985 ἔστι
571 941 614 986 δὲ
639 942 687 993 δὴ
709 943 840 986 πουλὺ
870 943 1164 997 στιβαρώτερος
1191 944 1277 986 κτὲ.

338 1020 535 1065 Eiusdem
567 1022 697 1081 igitur
722 1023 959 1081 argumenti
999 1022 1166 1080 scripsit
1208 1022 1392 1065 carmina
1422 1021 1569 1065 Socles
1601 1037 1648 1066 ac
1685 1024 1772 1081 ipse

337 1099 555 1158 Hcdylus,
587 1101 663 1158 qui
693 1099 746 1143 dc
774 1115 817 1143 se
845 1101 888 1143 in
915 1099 996 1142 alio
1019 1100 1320 1160 epigrammate
1346 1099 1503 1146 Athen.
1537 1101 1570 1145 l.
1600 1115 1639 1146 c.

453 1180 664 1232 Πίνωμεν·
696 1179 764 1223 καὶ
796 1178 879 1232 γάρ
909 1195 949 1222 τι
981 1179 1063 1222 νέον
1090 1179 1159 1222 καὶ
1186 1177 1270 1232 γάρ
1295 1195 1336 1222 τι
1366 1182 1464 1233 παρ’
1487 1176 1586 1222 οἶνον

574 1258 826 1312 εὕροιμεν
855 1258 1009 1302 λεπτὸν
1039 1258 1111 1301 καί
1139 1274 1179 1301 τι
1210 1258 1408 1311 μελιχρὸν
1439 1257 1558 1306 ἔπος·

456 1338 574 1381 άλλοὶ
597 1337 732 1386 κάδοις
758 1337 852 1380 Χίου
875 1352 930 1388 με
957 1335 1201 1391 κατάβρεχε
1228 1336 1298 1380 καὶ
1326 1336 1429 1388 λέγε
1462 1351 1491 1378 >›
1508 1335 1632 1390 παῖζε

573 1415 771 1459 Ἡδύλε.”
803 1419 909 1467 μισῶ
941 1415 1013 1468 ζῆν
1041 1417 1098 1464 εἷς
1124 1415 1235 1459 κενὸν
1258 1416 1302 1459 οὐ
1329 1415 1498 1467 μεθύων.

338 1494 423 1539 Ubi
453 1510 514 1538 vs.
542 1497 568 1536 2
600 1493 867 1538 scribendum
911 1510 998 1538 esse
1040 1495 1206 1553 liquet:
1239 1494 1455 1547 εὑροίμην,
1489 1495 1596 1552 quae
1627 1493 1770 1537 aoristi

338 1573 472 1616 forma
503 1572 642 1616 media
681 1573 839 1615 nemini
879 1573 961 1615 erit
1000 1573 1246 1616 offensioni:
1294 1573 1466 1616 Poetam
1501 1574 1612 1616 enim
1653 1572 1706 1616 de
1732 1587 1775 1617 se

338 1667 420 1695 uno
456 1651 560 1695 haec
601 1651 743 1696 dicere
784 1667 832 1695 ex
878 1650 1060 1694 secundo
1100 1650 1286 1694 disticho
1326 1650 1594 1710 intelligitur.
1655 1650 1774 1696 Idem

336 1731 527 1775 lacobsio
558 1732 720 1783 visum,
753 1731 826 1789 qui
854 1729 1003 1784 εὕροιμ’
1026 1729 1079 1773 ἄν
1110 1730 1310 1774 coniecit.
1344 1730 1483 1773 Etiam
1511 1730 1653 1774 Strato
1681 1731 1774 1790 epi-

321 1818 565 1867 ·grammata
604 1825 676 1852 sua
722 1809 900 1861 παίγνια
941 1808 1048 1852 dixit
1090 1810 1144 1854 Δ.
1181 1809 1228 1852 Ρ.
1261 1808 1374 1861 XII,
1408 1810 1510 1854 258.
1549 1813 1588 1854 1.
1656 1809 1774 1853 Inter

326 1887 584 1945 §umam-tud
601 1887 867 1931 referendum
884 1887 1104 1932 Nicaeneti
1127 1888 1385 1946 epigramma
1406 1903 1453 1931 ex
1478 1887 1746 1933 Athen.X1V
1762 1921 1773 1940 ,

341 1968 413 2013 aa
445 1971 531 2011 673
563 1969 615 2012 B.
647 1977 689 2011 ct
726 1967 905 2010 alterum
945 1966 1103 2011 Athen.
1131 1966 1208 2018 11,
1242 1969 1298 2009 39
1331 1966 1382 2010 C.
1442 1970 1492 2009 Ὀ
1528 1967 1569 2010 δὲ
1603 1969 1773 2019 ποιήσας

335 2046 382 2090 τὸ
414 2047 468 2095 εἷς
500 2051 691 2100 Κρατῖνον
723 2044 974 2100 ἐπίγραμμά
999 2049 1127 2100 φησιν
1146 2059 1157 2070 ·

457 2123 664 2174 Οἶνόςτοι
695 2127 879 2179 χαρίεντι
911 2124 1028 2168 πέλει
1053 2125 1190 2177 ταχὺς
1223 2122 1343 2172 ἵππος
1375 2124 1491 2177 ἀοιδῷ
1509 2158 1520 2173 ,

575 2204 672 2259 ὕδωρ
703 2206 743 2248 δὲ
774 2205 896 2248 πίνων
919 2205 1029 2248 οὐδὲν
1058 2204 1111 2247 ἂν
1134 2204 1263 2252 τέκοις
1294 2204 1421 2258 σοφόν
1441 2218 1451 2228 ·

455 2287 575 2327 ταῦτ’
600 2284 745 2336 ἔλεγεν
775 2284 943 2330 Διόνυσε
976 2284 1045 2327 καὶ
1077 2284 1215 2327 ἔπνεεν
1245 2284 1326 2336 οὐχ
1357 2283 1439 2332 ἑνὸς
1471 2284 1598 2327 ἀσκοῦ

572 2367 763 2416 Κρατῖνος
794 2363 913 2406 ἄλλα
942 2363 1095 2411 παντὸς
1123 2362 1260 2406 ὠδώδει
1285 2362 1411 2406 πίθου.

454 2444 599 2495 τοίγαρ
630 2443 719 2486 ὑπὸ
750 2441 1019 2497 στεφάνοις
1049 2442 1224 2495 μέγαρ’
1247 2440 1445 2495 ἔβρυεν,
1479 2439 1572 2495 εἶχε
1593 2441 1634 2485 δὲ
1650 2443 1774 2495 κισσῷ

571 2521 759 2573 μέτωπον
787 2520 919 2574 ὥσπερ
951 2538 1019 2565 και
1051 2522 1103 2565 σὺ
1127 2521 1436 2575 κεκροκωμένον.

338 2599 459 2657 Quod
516 2600 748 2643 Nicaeneto
802 2601 1012 2644 tributum
1063 2600 1194 2646 Anth.
1239 2600 1330 2644 Pal.
1363 2600 1500 2650 XIII,
1544 2603 1615 2646 29.
1661 2599 1774 2643 unde

336 2679 618 2724 emendandus
659 2679 825 2723 videtur
867 2680 993 2726 Phot.
1029 2681 1129 2726 Lex.
1162 2696 1202 2724 v.
1237 2678 1334 2734 ὕδωρ
1365 2680 1405 2722 δὲ
1437 2695 1482 2722 π.
1512 2695 1559 2732 χ.
1593 2679 1626 2722 ὀ.
1659 2695 1702 2721 α
1729 2696 1769 2722 τ.

333 2763 450 2803 τοῦτο
482 2760 527 2811 ἐξ
568 2759 885 2815 ἐπιγράμματος
921 2758 1021 2804 εἶναι
1041 2795 1050 2809 ,
1097 2762 1130 2803 οἱ
1162 2761 1237 2811 μὲν
1275 2758 1609 2810 Ἀσκληπιάδου,
1653 2760 1687 2801 οἱ
1730 2757 1770 2801 δὲ

337 2842 648 2891 Θεαιτήτου
694 2840 838 2894 φασίν.
899 2841 1070 2886 Malim:
1119 2839 1371 2883 Νικαινέτου.
1446 2840 1589 2897 ipsum
1633 2846 1772 2884 autem
