1794 3412
656 278 894 318 —81--

38 400 148 447 bsius
176 404 310 447 iunxit
326 408 498 458 τερπνῆς
523 403 632 451 ἐντὸς
649 402 769 445 ἐόντα
786 400 911 454 μέθης
930 432 942 452 ,
962 399 1076 460 quod
1106 399 1259 443 idoneo
1275 413 1398 443 sensu
1424 412 1492 442 ca=

38 493 128 534 ret,
161 493 204 528 et
239 483 346 538 αὔρα
380 485 684 543 interpretetus
720 491 783 526 est
813 482 866 526 de
905 470 1036 525 odore
1069 482 1155 525 sive
1187 481 1416 541 vaporibus
1446 495 1495 523 ex

36 580 142 624 equa
182 565 470 624 surgentibus.
516 566 587 610 vs.
617 569 642 608 5
676 565 825 623 scripsi
864 564 924 616 μὴ
956 563 1078 612 ποτί,
1122 578 1201 622 pro
1243 577 1330 622 quo
1370 561 1498 620 vulgo

35 645 219 704 legitur:
266 647 366 697 μήτ’
404 644 499 694 ε’πί,
543 644 831 704 sed‘simplici
869 645 929 696 μή
969 643 1040 686 hic
1083 644 1209 688 unice
1247 644 1368 687 locus
1404 651 1498 692 est,

37 727 273 785 composito
302 724 459 768 nullus.
523 725 588 769 Ad
621 725 853 769 dictionem
883 725 1031 768 confer
1060 723 1322 768 Nicarchum
1361 725 1415 769 A.
1446 722 1498 768 Ρ.

38 805 100 849 lx
119 838 130 856 ,
165 808 269 851 330.
301 810 346 850 5.
387 805 509 848 ποσσὶ
550 805 593 848 δὲ
626 806 687 858 μὴ
718 805 812 848 ποτὶ
849 804 999 859 νίπτρα
1037 804 1176 859 φέρειν
1212 803 1499 861 κρυστάλλινα

36 888 228 941 Νυμφᾶν
242 885 368 940 δῶρα,
386 893 430 928 et
446 885 601 927 iocose
630 883 827 928 Iacohsio
858 884 1123 944 adscripto-«1,
1159 887 1262 931 Eur.
1296 885 1373 931 Or.
1391 886 1499 930 305.

36 964 188 1020 λουτρά
229 967 269 1008 τ’
304 966 373 1008 ἐπὶ
415 964 534 1019 χροὸς
572 962 731 1016 βάλλε.
767 962 813 1009 h.
847 964 975 1008 Hom.
1016 962 1115 1010 Cer.
1145 967 1219 1010 50.
1257 964 1365 1008 οὐδὲ
1389 963 1500 1020 χρόα

34 1044 226 1098 βάλλετο
257 1049 467 1099 λουτροῖς,
502 1044 576 1088 ubi
610 1044 786 1088 verbum
822 1043 1004 1096 βάλλειν
1034 1053 1287 1104 corruptum
1322 1044 1500 1089 videbe-

37 1125 422 1171 turvRuhnkenio.
486 1124 699 1184 Equidem
741 1133 1006 1170 contractem
1044 1126 1226 1170 {ormam
1263 1131 1445 1181 λουτροῖς
1477 1140 1501 1168 a

37 1215 260 1267 poetarum
293 1206 587 1266 antiquiorum
620 1207 843 1265 epicorum
876 1221 954 1249 usu
981 1205 1162 1250 alienam
1196 1215 1332 1267 puto,
1367 1221 1502 1266 quare

37 1286 210 1334 melimz
249 1286 338 1331 οὐδὲ
381 1285 490 1341 χρόα
525 1284 672 1339 βάλλε
707 1291 901 1341 λοετροῖς.
969 1287 1039 1331 Vs.
1073 1288 1102 1330 8
1141 1287 1327 1347 praetuli
1366 1286 1501 1331 λυσά-

36 1383 156 1421 μενος
187 1367 400 1427 Heringae
428 1366 778 1412 emendationem.
796 1382 876 1428 pro
914 1367 1075 1411 codicis
1107 1367 1291 1413 lectione
1306 1380 1321 1410 ε
1350 1367 1500 1413 faucei-

37 1464 172 1501 μενος.
223 1448 347 1506 Quod
385 1457 450 1493 est
475 1447 723 1502 λυσάμενος.
788 1447 958 1493 Ibidem
1003 1448 1217 1493 verissime
1258 1450 1504 1494 Brunckius

38 1527 266 1583 ἀργαλέης.
330 1528 550 1582 Iacobsiue
572 1529 617 1572 in
645 1529 763 1589 App.
799 1530 883 1588 Ep.
909 1530 1012 1574 100.
1044 1543 1143 1573 cum
1167 1529 1207 1576 Ι.
1236 1530 1292 1576 G.
1322 1529 1504 1575 Schnei-

41 1607 173 1653 dero:
218 1607 450 1663 άρτεμέας,
495 1616 538 1651 et
577 1623 627 1653 ex
671 1607 892 1653 Scheeferi
936 1610 1213 1655 coniectaret
1258 1609 1499 1666 ῥυσάμενος.

41 1689 161 1735 Idem
205 1705 267 1736 vs.
296 1692 324 1733 9
371 1689 536 1748 recepit
573 1689 750 1735 alteram
789 1689 985 1734 eiusdem
1019 1689 1240 1736 Schueferi
1281 1693 1505 1737 coniectu·

40 1786 130 1816 ram
162 1769 340 1825 ἔβαψεν.
408 1769 585 1815 Codices
616 1769 794 1824 ἔκοψεν,
829 1784 875 1814 ex
919 1785 1005 1830 quo
1044 1771 1185 1815 effinxi
1214 1771 1330 1831 quod
1360 1774 1404 1816 in
1441 1782 1504 1818 te-

40 1860 115 1897 xm
141 1866 268 1912 supra
305 1849 468 1896 editum
498 1850 686 1909 legitur,
720 1850 777 1896 cl.
819 1851 924 1894 Eur.
958 1850 1090 1897 Herc.
1132 1852 1184 1898 F.
1220 1853 1352 1900 1070.
1390 1852 1503 1897 Υοἶοι-ό-

38 1935 190 1988 κρυφον
215 1932 346 1986 δέμας
375 1932 452 1975 ὑπὸ
481 1930 681 1985 μέλαθρον
711 1930 867 1985 κρύψω.
934 1931 1069 1975 Versu
1109 1931 1266 1975 ultimo
1292 1946 1392 1976 cum
1415 1933 1503 1978 He-

41 2013 159 2074 tinga
183 2013 324 2066 ἤλυθον
352 2012 502 2072 scripsi
529 2026 610 2072 pro
641 2010 808 2070 vulgata
839 2011 1024 2056 lectione
1051 2013 1218 2063 ἤλυθενς
1254 2012 1360 2058 haec
1387 2015 1506 2058 enim

42 2093 96 2139 ed
126 2093 270 2138 Proeti
293 2093 401 2138 filias
434 2093 718 2143 insanientes,
749 2108 833 2136 non
862 2092 1254 2153 ed·llelempodem
1281 2095 1507 2140 referenda

42 2174 260 2220 videntur.
333 2175 426 2219 Hoc
472 2174 662 2217 carmine
709 2186 956 2232 comparato
976 2207 988 2226 ,
1037 2175 1155 2234 quod
1196 2183 1248 2219 nt
1292 2177 1507 2236 plurimae

44 2255 340 2314 inscriptiones
378 2252 603 2297 ἀδέσποτον
645 2261 708 2297 est
723 2286 736 2305 ,
780 2253 917 2312 liquet
950 2254 992 2296 in
1035 2255 1129 2298 hasi-
1150 2256 1352 2315 imeginis
1380 2258 1505 2301 Panis

13 2334 98 2394 'ad
159 2334 323 2378 fontem
382 2333 544 2392 positae
590 2333 794 2391 scriptam
844 2334 1168 2393 inscriptionem
1229 2336 1360 2380 fnisse
1410 2340 1506 2398 epi-

45 2430 231 2475 gramma
294 2412 497 2457 Nicarchi
547 2413 599 2456 A.
645 2413 691 2456 Ρ.
733 2413 825 2464 ΙΧ,
870 2417 1036 2467 330.,’
1062 2417 1181 2474 quod
1236 2426 1280 2460 et
1340 2418 1509 2462 dei-et

46 2505 198 2555 poetae
237 2495 406 2551 ingenio
444 2492 812 2537 accommodatum
830 2520 841 2546 a
875 2494 1087 2539 ludicrum
1128 2495 1235 2540 adeo
1266 2506 1347 2541 σοι·
1368 2507 1412 2542 et
1442 2499 1510 2543 la·

49 2577 234 2620 scivum:

168 2674 209 2700 α.
245 2655 406 2710 Κράνας
435 2654 596 2708 εὐΰδρου
627 2653 743 2708 παρὰ
773 2653 931 2707 νάμασι
958 2657 1028 2699 καὶ
1056 2655 1173 2711 παρὰ
1194 2657 1409 2713 Νύμφαις
1445 2698 1447 2700 ,
1480 2664 1487 2692 ἑ

287 2735 461 2779 ἔστασέν
488 2752 543 2787 με
573 2735 736 2788 Σίμων,
771 2738 893 2779 Πᾶνα
919 2737 988 2780 τὸν
1019 2737 1255 2789 αἰγιπόδην.

170 2819 215 2869 β.
251 2820 322 2860 τεῦ
351 2816 391 2859 δὲ
421 2815 576 2869 χοίρως
610 2833 651 2858 α.
688 2815 791 2865 λέξω
826 2832 914 2865 τοι,
948 2815 1036 2860 ὅσον
1068 2819 1222 2867 ποθέεις
1247 2821 1331 2863 άπὸ
1359 2822 1509 2875 κράνας

290 2898 358 2939 καὶ
388 2897 455 2939 πίε
485 2897 552 2939 καὶ
589 2897 729 2939 κοίλαν
762 2896 916 2940 κάλπιν
944 2899 1061 2942 ἐλὼν
1092 2898 1266 2952 άρυσαι,

1177 2981 1205 3022 6
