1794 3412
627 279 683 285 —-
719 254 862 298 47-

135 381 163 426 ὦ
196 382 438 437 Τιμηνορίδη
472 381 614 430 παιδὸς
646 382 774 436 Φίλου
800 379 949 422 οὔποτε
980 376 1170 427 Λῆξεις

255 464 342 508 οὔτ’
369 464 517 518 ἀρετὴν
543 461 694 507 ποθέων
712 460 814 504 οὔτε
841 457 1148 514 σαοφροσύνην,

13 545 92 590 ubi
125 558 185 590 vs.
212 548 257 589 3.
291 545 442 604 scripsi
481 542 620 595 λήξεις
639 575 651 592 ,
687 557 773 602 quo
805 540 943 584 sensui
973 538 1194 598 integritas
1223 550 1297 580 sua
1327 536 1474 580 conci·

15 625 163 669 liatur.
227 623 399 669 Codex:
434 623 581 668 οὔποτε
609 623 757 674 λήσει,
793 620 910 681 quod
944 620 1123 664 nimium
1156 619 1370 679 patienter
1405 625 1479 661 tu·

15 705 157 749 lerunt
185 706 267 748 viri
305 704 439 750 docti.
502 703 704 749 Eiusdem
733 702 1050 762 epigrammatis
1085 717 1147 747 vs.
1181 703 1201 744 1
1249 697 1477 754 Πρωτόμα·

17 800 95 838 xor,-
138 784 349 829 edendum
401 785 580 836 curavi,
627 792 676 826 ut
717 791 904 826 metrum
947 781 1108 825 salvum
1156 789 1296 834 esset3
1345 778 1479 824 codex

16 864 272 919 Πρόμαχος,
306 864 423 924 quod
461 864 515 908 de
543 865 791 908 coniectura
823 864 867 905 in
906 862 1129 916 Τίμαρχος
1160 861 1343 904 mutavit
1380 861 1479 905 Pla·

15 945 167 991 nudes.
232 946 324 1003 Qua
354 945 553 1005 cupidius
590 952 760 1003 arrepta
792 942 897 987 haec
934 942 1242 1003 epigrammata
1271 941 1357 984 duo
1386 941 1480 984 fru-

15 1025 124 1069 stula
159 1040 247 1070 esse
274 1024 552 1070 coniecerunt
591 1023 751 1069 eruditi
781 1023 976 1068 eiusdem
1004 1023 1179 1066 maioris
1214 1021 1379 1081 elegiae
1409 1021 1479 1065 fu·

19 1106 163 1150 nebris
186 1106 230 1149 in
258 1103 534 1150 Timarchum
559 1120 583 1148 a
604 1103 828 1150 Simonide
855 1104 1142 1164 conscriptae.
1191 1102 1318 1160 Quod
1343 1116 1480 1163 quum

16 1202 94 1247 ego
119 1186 286 1246 pridem
315 1197 432 1231 recte
463 1187 624 1231 sactum
656 1201 746 1231 esse
777 1200 992 1245 negassem
1025 1193 1111 1229 tam
1139 1183 1255 1245 quod
1283 1183 1480 1245 pluscula

17 1269 321 1328 epigrammata
343 1267 560 1312 simillime
579 1275 824 1327 comparata
852 1268 896 1310 in
925 1265 1188 1326 Anthologia
1213 1273 1450 1310 occurrunt
1467 1295 1480 1319 ,

18 1348 205 1408 ideoque
243 1348 501 1394 Simonideis
547 1348 657 1392 nihil
701 1349 838 1392 inesse
885 1346 1112 1391 videbatur
1161 1346 1279 1406 quod
1324 1345 1480 1391 horum

18 1431 258 1474 carminum
288 1429 424 1474 indoli
451 1438 663 1490 repugnet
681 1463 692 1482 ,
726 1444 859 1489 quam
895 1428 1013 1488 quod
1043 1427 1166 1472 nullo
1194 1437 1388 1472 veterum
1417 1436 1482 1472 te-

18 1512 217 1554 stimonio
259 1519 425 1554 constat
472 1509 739 1557 Simonidem
791 1509 1022 1570 ampliores
1071 1509 1227 1569 elegias
1279 1507 1482 1553 funebres

19 1592 260 1651 scripsisse.
294 1592 506 1635 neminem
536 1591 806 1635 eruditorum
831 1592 908 1650 qui
941 1591 1200 1634 contrariam
1227 1590 1484 1634 sententiam

19 1671 356 1732 comprobarunt
381 1681 455 1716 aut
480 1673 579 1716 tuiti
603 1679 703 1716 sunt
719 1706 731 1724 ,
765 1668 808 1716 in
835 1685 1054 1716 assensum
1076 1670 1325 1732 pertrahere
1344 1671 1485 1731 potui.

19 1750 96 1797 His
137 1766 252 1796 nunc
293 1753 408 1796 adde
439 1753 545 1797 haec
573 1754 880 1813 epigrammata
919 1769 1004 1798 non
1048 1753 1092 1796 in
1121 1751 1299 1796 adverso
1337 1750 1482 1796 sedin

20 1834 153 1877 altero
192 1834 308 1892 cippi
347 1832 478 1877 latere
512 1835 643 1876 incisa
689 1834 850 1886 fuisse,
884 1833 998 1877 unde
1039 1832 1338 1893 explicandum
1364 1831 1483 1892 quod

20 1915 63 1958 in
104 1915 156 1957 iis
192 1929 215 1957 a
254 1914 419 1975 vulgari
461 1915 790 1974 inscriptionum
834 1929 981 1957 norma
1025 1913 1258 1958 discessum
1301 1923 1394 1966 est,
1439 1921 1485 1957 et

19 1995 179 2039 maiora
205 1995 394 2038 carmina
420 1993 576 2054 quibus
603 1994 770 2038 obitum
795 1994 1099 2039 defunctorum
1127 1991 1331 2055 lugebant
1354 1994 1485 2039 fuisse

22 2074 211 2119 ‘threnos
250 2074 426 2119 melicos
461 2090 484 2118 a
525 2073 668 2118 choris
707 2074 979 2126 decantatos.
1025 2091 1110 2119 non
1157 2091 1256 2119 vero
1291 2075 1484 2119 carmina

19 2155 222 2215 elegiaca.
285 2156 440 2200 Fateor
480 2156 595 2199 enim
626 2171 695 2199 me
735 2171 820 2200 non
851 2155 906 2200 de
934 2171 1021 2200 uno
1054 2165 1223 2202 tantum
1259 2155 1485 2202 Simonide

21 2235 94 2281 sed
126 2234 180 2279 de
207 2235 404 2279 omnibus
435 2234 528 2280 fere
553 2243 651 2279 ante
682 2234 961 2280 Parthenium
989 2238 1128 2295 poetis
1151 2236 1351 2282 dubitare
1378 2252 1484 2283 num

23 2316 166 2360 flebile
205 2316 448 2375 scripserint
483 2315 526 2359 in
555 2315 721 2359 obitum
758 2315 916 2375 privati
945 2314 1133 2359 hominis
1173 2331 1347 2361 carmen
1387 2317 1483 2362 ele-

20 2399 212 2457 giacum,
255 2397 402 2441 saltem
431 2396 688 2457 locupletius
721 2396 775 2440 de
806 2377 886 2440 h‘ae
914 2411 960 2441 re
988 2412 1010 2440 a
1042 2412 1112 2441 me
1142 2398 1304 2456 requiri
1331 2399 1485 2443 veteris

23 2478 242 2538 scriptoris
267 2478 573 2523 testimonium.
614 2477 733 2521 Inter
761 2492 865 2536 quos
893 2485 1070 2538 propter
1096 2478 1327 2523 Pausaniae
1354 2479 1485 2523 verba

23 2559 229 2618 quaedam
259 2560 420 2618 primos
446 2558 710 2603 enumerabo
735 2558 1050 2618 antiquissimos
1081 2567 1255 2620 poetas,
1288 2561 1363 2620 qui
1391 2561 1482 2604 ἔλε-

22 2645 122 2692 ysico
163 2639 561 2692 μεμελοποιημένα,
604 2641 634 2685 i.
666 2654 706 2684 e.
752 2638 981 2683 tibicinum
1022 2641 1168 2684 cantui
1211 2642 1486 2686 inservientia

25 2720 310 2779 scripserunt,
357 2719 512 2764 Clonas
557 2720 758 2779 Tegeates
794 2720 878 2763 sive
914 2718 1173 2773 Thebanus,
1218 2729 1261 2765 et
1301 2721 1484 2766 Sacadas

28 2799 201 2858 Argivus
218 2834 230 2854 ,
264 2816 372 2860 qnae
399 2801 444 2844 in
471 2799 773 2845 certaminibus
802 2800 1029 2845 cantabant
1056 2800 1262 2856 αὐλῳδοίε
1298 2817 1340 2848 v.
1366 2802 1484 2851 Plut.

31 2878 82 2923 de
122 2880 270 2927 Music.
316 2898 354 2928 c.
387 2885 430 2928 8.
481 2883 521 2925 ἐν
553 2883 666 2937 οέρχῇ
705 2882 789 2936 γὰρ
833 2882 1001 2933 ἐλεγεῖα
1037 2884 1403 2938 μεμελοποιημένα
1448 2887 1483 2928 οἱ
