1794 3412
676 232 914 272 ...25-

68 361 134 405 Ita
179 357 359 403 Alcaeus
402 356 631 402 Messenius
673 354 832 399 dicitur
875 355 893 397 ὁ
936 357 1011 396 τῶν
1043 350 1225 405 λοιδόρων
1257 350 1424 404 ἰάμβων
1457 351 1526 393 καὶ

67 438 403 495 ἐπιγραμμάτων
433 439 604 489 ποιητής
638 437 822 482 Eusebio
852 436 1005 495 Praep.
1055 435 1133 480 Ev.
1165 433 1202 477 X
1220 466 1231 486 ,
1256 417 1310 478 ⁸2.
1376 433 1528 491 Neque

66 531 215 581 putem
259 520 518 579 Polybium,
563 519 638 579 qui
679 517 863 563 eundem
899 516 1104 560 Alcaeum
1145 513 1353 566 ἐπιδεξίως
1389 514 1526 558 σκώπ-

65 617 193 646 τοντα
224 601 293 644 καὶ
322 598 658 654 διαχλευάζοντα
692 598 800 642 dixit
829 596 1030 649 XXXII,
1065 598 1109 642 6.
1142 599 1184 643 5.
1217 594 1420 638 adverbio
1451 594 1528 638 ad-

65 682 158 726 dito
197 682 405 726 indicasse
434 688 604 741 poetam
635 678 847 723 liberrimi
887 678 973 722 oris
1001 676 1344 721 maledicentiam
1382 677 1529 720 convi-

66 762 294 823 ciandique
347 762 566 807 licentiam
625 759 862 805 lenioribus
910 759 1074 802 facetiis
1120 767 1409 818 temperasse,
1456 756 1528 801 sed

0 857 5 901 Ι1
65 858 162 887 cum
192 842 360 901 lepidae
398 843 656 900 festivaeque
692 839 928 883 dicacitatis
969 838 1094 882 laude
1124 840 1257 897 magis
1298 840 1526 881 coniuncta

63 931 127 968 est
154 921 406 973 ἐπιδεξιότης
434 936 561 981 quam
598 920 710 964 idem
739 919 942 979 Polybius
973 918 1132 972 Samo,
1168 918 1324 963 Alcaeo
1359 918 1528 978 aequali

62 1012 106 1049 et
132 1011 283 1063 poetae
310 1003 665 1062 epigrammatum
695 999 850 1043 tribuit
873 1000 939 1051 V,
973 1001 1016 1044 9.
1051 1001 1093 1044 4.
1158 998 1273 1043 Haec
1301 1013 1403 1043 vero
1431 998 1526 1042 lon-

62 1099 115 1144 ge
136 1083 299 1128 diversa
332 1098 356 1126 a
385 1082 639 1126 dexteritate
664 1079 897 1126 Simonidis
917 1113 928 1132 ,
962 1095 1090 1140 quam
1124 1079 1270 1123 laudat
1298 1080 1526 1123 Pausanias

63 1161 151 1215 vl,
183 1167 227 1210 9.
261 1167 306 1209 3.
347 1161 479 1218 τούτῳ
509 1163 566 1216 τῷ
599 1161 746 1206 Φίλωνι
776 1161 1004 1214 Σιμωνίδης
1035 1161 1055 1204 ὃ
1085 1159 1359 1215 Λεωπρέπους
1390 1159 1526 1212 δεξιώ-

60 1260 187 1289 τατον
212 1244 469 1299 ἐπίγραμμα
495 1243 682 1294 ἐποίησεν
699 1257 710 1268 ·

180 1325 337 1380 Πατρὶς
363 1325 440 1377 μὲν
466 1323 675 1379 Κόρκυρα,
711 1323 844 1369 Φίλων
867 1324 902 1367 δ’
924 1322 1034 1376 ὄνομ’
1050 1337 1061 1348 ·
1093 1323 1178 1376 εἰμὶ
1206 1323 1247 1367 δὲ
1276 1322 1467 1367 Γλαύκου

299 1405 381 1455 υἱὸς
409 1404 478 1448 καὶ
510 1409 602 1448 νικῶ
630 1403 717 1456 πὺξ
741 1403 803 1448 δύ’
830 1403 1143 1457 Ὀλυμπιάδας.

63 1486 216 1530 Dextre
246 1487 361 1530 enim
404 1493 530 1545 poeta
563 1484 750 1528 disticho
789 1483 978 1543 elegiaco
1015 1485 1158 1528 omnia
1191 1484 1437 1545 complexus
1463 1493 1527 1528 est

62 1580 171 1626 quae
202 1566 246 1609 in
273 1565 551 1625 inscriptione
582 1573 744 1609 statuae
771 1563 1044 1608 memoranda
1074 1573 1211 1610 erant.
1272 1564 1424 1624 Neque
1458 1564 1526 1607 ul-

60 1646 150 1690 lum
194 1645 306 1706 apud
345 1645 607 1705 antiquiores
640 1645 782 1690 inveni
810 1644 1053 1705 exemplum
1095 1646 1185 1689 eius
1225 1646 1390 1704 generis
1431 1645 1525 1706 epi-

59 1735 340 1787 grammatum
369 1741 479 1786 quae
502 1727 556 1770 ab
585 1725 834 1786 aequalibus
874 1725 1208 1770 Atheniensibus
1248 1726 1407 1786 scripta
1435 1741 1526 1772 esse

61 1806 190 1852 tradit
229 1805 484 1852 Plutarchus
525 1806 746 1852 Demosth.
791 1820 831 1850 c.
865 1809 938 1852 31.
977 1807 1030 1856 ὥς
1067 1806 1148 1850 δ’ὁ
1185 1804 1389 1861 ἄνθρωπος
1416 1807 1524 1850 ἐπα-

58 1889 204 1933 νελθὼν
242 1888 387 1943 ἀνεῦρε
429 1886 500 1931 καὶ
543 1886 694 1936 διεδόθη
736 1884 862 1938 λόγος
895 1886 995 1940 ὑπὲρ
1035 1886 1208 1936 τούτου,
1256 1887 1404 1931 πολλοὶ
1444 1891 1523 1931 τῶν

57 1970 242 2025 εὐφυῶν,
277 1967 463 2013 ὑπόθεσιν
498 1966 732 2021 λαβόντες,
767 1967 826 2017 εἰς
857 1966 904 2011 τὸ
935 1966 1232 2023 ἀδωροδόκητον
1273 1970 1346 2011 τοῦ
1379 1974 1521 2021 Δημο-

57 2049 214 2099 σθένους
245 2048 517 2103 διημιλλῶντο
548 2054 633 2098 τοῖς
661 2046 998 2103 ἐπιγράμμασιν.
1067 2049 1203 2106 Quem
1242 2048 1385 2092 locum
1415 2047 1523 2092 mihi

59 2131 310 2176 monstravit
349 2130 554 2176 Cobetus.
619 2130 742 2176 Unde
770 2130 813 2173 in
850 2129 952 2174 libri
990 2129 1278 2190 Anthologiae
1304 2129 1522 2174 undecimi

59 2221 180 2272 parte
200 2211 331 2254 altera
355 2211 604 2270 paucissima
634 2220 800 2254 tantum
835 2219 1067 2254 occurrunt
1093 2212 1385 2270 antiquiorum
1417 2227 1523 2271 poe-

60 2301 197 2336 tarum
224 2293 527 2351 epigrammata
548 2324 559 2343 ‚
593 2306 702 2350 quae
729 2292 869 2334 omnia
900 2291 990 2333 fere
1018 2306 1040 2333 a
1068 2292 1379 2335 recentioribus
1413 2294 1521 2336 scri-

59 2380 131 2431 pta
170 2372 388 2423 invenias,
423 2379 470 2414 ut
507 2371 766 2423 Ammiano,
801 2371 1046 2423 Nicarcho,
1079 2370 1275 2424 Lucilio,
1309 2372 1521 2419 Polliano.

58 2452 120 2495 Ex
169 2466 352 2511 quorum
398 2451 519 2495 libris
572 2451 832 2511 florilegium
883 2453 1157 2496 concinnasse
1206 2452 1518 2511 Diogenianum

57 2531 262 2576 Heraclea
306 2533 483 2577 Pontica
530 2532 787 2584 oriundum,
838 2548 965 2592 quem
1006 2532 1222 2577 Hadriano
1261 2535 1520 2594 imperatore

57 2612 204 2657 vixisse
245 2623 288 2658 et
326 2611 691 2668 Ἐπιγραμμάτων
735 2613 992 2666 Ἀνθολόγιον
1036 2613 1217 2658 edidisse
1260 2622 1427 2658 constat
1470 2630 1519 2658 ex

58 2691 188 2737 Suida
217 2694 261 2737 in
286 2709 328 2739 v.
355 2692 666 2747 Διογενειανός,
697 2693 874 2753 eiusque
897 2694 1095 2738 Delectus
1120 2695 1348 2755 partemin
1367 2710 1519 2739 novam

61 2771 360 2834 Anthologiam
387 2791 411 2819 a
445 2774 724 2820 Constantino
755 2773 943 2834 Cephala
972 2785 1187 2836 receptam
1215 2790 1303 2820 esse
1334 2776 1519 2820 coniecit

62 2851 132 2896 rr.
162 2853 377 2899 Passovius
401 2855 562 2916 Script.
598 2855 717 2901 Misc.
754 2872 798 2917 p.
829 2857 1076 2902 196—223.
1131 2857 1246 2913 Quae
1276 2856 1518 2902 coniectura
