1794 3412
640 267 909 306 -129—

106 398 376 456 Epigramma
419 402 558 437 autem
603 392 862 450 Cyzicenum
905 387 1101 446 Gregorii
1146 385 1335 445 Magistri
1376 398 1506 444 opera

41 478 306 536 descriptum
331 491 353 518 a
384 474 664 519 Constantino
694 473 866 515 demum
908 468 1097 529 Cephala
1130 465 1414 526 Anthologiae
1440 466 1505 509 irr-

42 568 202 604 sertum
240 567 361 618 puto.
435 557 498 600 De
540 571 624 614 quo
666 553 846 596 inferius
889 551 1059 601 dicam3
1109 549 1191 592 hoc
1230 549 1323 592 loco
1366 549 1505 607 ipsum

37 655 213 685 carmen
235 672 246 690 ,
280 637 600 698 opportunitate
633 635 729 678 data
747 667 757 684 ,
792 634 1036 692 corrigam:

158 722 356 774 Ἀθρησον
388 717 570 771 Χαρίτῳν
599 716 677 759 ὑπὸ
709 713 896 758 παστάδι
922 713 1019 768 τῇδε
1050 714 1228 766 τριήρους

283 799 470 847 στυλίδος
502 800 581 845 τοῖς
611 798 774 850 πρώτας
807 796 913 838 τοῦθ’
947 794 1184 846 ὑπόδειγμα
1215 792 1399 845 τέχνας·

166 883 326 927 ταύταν
353 881 437 933 γαρ
468 880 631 932 πρώταν
658 878 750 919 ποτ’
780 877 967 927 ἐμήσατο
998 875 1178 922 Παλλὰς
1211 874 1360 924 Ἀθήνη

282 959 404 1003 τάνδε
431 958 550 1001 πόλει
581 956 748 999 στάλαν
774 955 1036 998 ἀντιδιδοῦσα
1065 953 1190 1008 χάριν
1209 969 1217 977 ·

164 1040 363 1084 Τοῦνεκεν
395 1039 555 1093 ὑψίστῳ
585 1036 794 1091 Τριτωνίδι
828 1037 917 1085 νηὸν
949 1034 1113 1086 ἔτευξεν

283 1119 452 1174 Κύζικος
484 1117 550 1162 ἅδ’
578 1119 644 1174 ἱρᾷ
671 1122 824 1172 πρῶτον
857 1118 897 1159 ἐν
924 1116 1087 1160 Ἀσιάδι
1109 1132 1118 1140 ·

165 1203 306 1255 δεῖγμ’
336 1199 366 1244 ἃ
398 1200 467 1244 καὶ
495 1200 670 1244 πλίνθων
696 1199 961 1253 χρυσήλατον
988 1199 1152 1251 ἤγαγεν
1180 1196 1311 1251 ἄχθος

216 1321 220 1325 .
286 1282 482 1336 Δελφίδα
513 1283 622 1334 γόὶν,
658 1280 791 1333 Φοίβῳ
823 1278 947 1322 τάνδε
978 1278 1158 1330 νέμουσα
1189 1276 1327 1331 χάριν.

52 1367 122 1411 vs.
149 1368 173 1408 7
207 1372 250 1407 et
284 1366 327 1408 8.
371 1377 485 1406 nunc
510 1364 553 1405 in
583 1370 745 1405 textum
774 1360 916 1420 recepi
941 1360 1258 1404 emendationes
1285 1372 1389 1418 quas
1421 1359 1511 1418 pri-

43 1447 147 1490 dem
174 1445 391 1505 proposui.
456 1441 628 1486 Codex:
677 1441 836 1494 δεῖγμα
873 1434 964 1492 καί,
1010 1457 1136 1501 quem
1182 1439 1431 1484 trochaeum
1466 1440 1509 1482 in

49 1528 189 1587 primo
225 1525 333 1584 pede
367 1523 533 1566 sustuli.
598 1523 815 1567 Iacobsius
850 1522 1014 1566 infelici
1056 1531 1240 1566 conatu:
1272 1520 1432 1573 δεῖγμα
1463 1537 1510 1564 τε

49 1608 137 1652 καί.
202 1605 268 1650 Ad
302 1605 474 1648 πλίνθων
511 1603 658 1646 confer
695 1604 919 1646 Bianorem
953 1603 1007 1647 A.
1036 1604 1085 1648 Ρ.
1114 1602 1176 1646 IX
1198 1635 1209 1653 ,
1244 1604 1346 1646 423.
1382 1605 1424 1646 3.
1467 1600 1521 1644 αἵ

48 1689 187 1743 χρυσῷ
210 1687 259 1730 τὸ
284 1686 464 1729 παλαιὸν
495 1684 795 1727 ἐπλινθώσασθε
826 1684 1040 1737 μέλαθρον.
1106 1684 1178 1728 Vs.
1208 1687 1251 1728 8.
1293 1683 1511 1741 vulgatum

49 1778 141 1814 est:
184 1767 298 1811 τάνδ’
335 1768 536 1809 ἐνεποῦσα
569 1764 722 1819 χάριν,
770 1779 897 1823 quam
948 1763 1181 1808 dictionem
1224 1765 1428 1808 Graecam
1470 1773 1514 1808 et

50 1858 192 1909 aptam
223 1863 311 1893 esse
339 1846 528 1906 negabo,
562 1845 696 1889 donec
726 1854 839 1889 certa
869 1846 959 1889 eius
981 1845 1173 1906 exempla
1200 1846 1474 1905 proferantur
1497 1862 1508 1899 ς

49 1932 177 1977 etiam
217 1930 373 1973 aoristo
412 1942 608 1987 praesens
649 1925 992 1969 substituendum
1021 1935 1100 1972 est.
1165 1928 1221 1970 Et
1249 1926 1400 1971 literae
1431 1941 1512 1969 un-

49 2012 178 2056 ciales
204 2018 244 2055 Π
263 2019 307 2055 et
331 2015 379 2053 M
402 2007 560 2071 centies
584 2007 801 2051 confusae.
866 2007 995 2051 Plane
1019 2008 1238 2066 geminum
1265 2016 1329 2051 est
1348 2041 1359 2059 ,
1394 2007 1512 2067 quod

50 2093 206 2152 legitur
233 2092 276 2134 in
307 2091 609 2150 epigrammate
636 2087 995 2131 Halicarnassensi
1024 2087 1074 2132 G.
1103 2088 1141 2132 Ι.
1173 2103 1209 2131 c.
1244 2090 1377 2133 2661.
1411 2088 1449 2133 a.

172 2171 329 2220 Νᾶσσος
355 2168 610 2224 Μυρμιδόνος
638 2168 783 2221 κούραν
816 2169 912 2216 Διὸς
944 2166 1087 2211 ἄνθετο
1119 2169 1255 2213 παῖδα

287 2253 488 2304 ’Ἄρτεμιν
514 2247 674 2301 εὐόλβῳ
706 2248 806 2301 τῷδε
838 2247 954 2301 παρὰ
980 2248 1175 2303 προπύλῳ

175 2331 310 2386 Φοίβῳ
341 2334 506 2383 Ἀγυιεῖ
533 2328 657 2372 τάνδε
689 2328 817 2381 νέμων
847 2328 985 2382 χάριν.

7 2396 11 2398 ⁴
55 2414 256 2473 Cyziceni
280 2412 411 2471 igitur
442 2410 570 2453 huius
598 2408 766 2452 donarii
794 2408 975 2467 effigiem
1006 2423 1175 2453 auream
1208 2408 1395 2469 Delphos
1426 2411 1514 2455 mi·

54 2502 200 2540 serunt
227 2494 272 2536 in
303 2490 462 2551 templo
491 2489 703 2548 Apollinis
727 2487 1022 2535 dedicandam.
1086 2489 1170 2534 Sed
1199 2489 1404 2550 quidnam
1431 2489 1516 2534 hoc

55 2575 299 2630 donarium·
322 2570 566 2614 habendum
601 2570 684 2618 sit.
719 2568 771 2612 de
809 2583 859 2612 eo
890 2568 1184 2614 dissentientes
1224 2571 1340 2614 vides
1382 2572 1516 2616 inter·

57 2664 211 2716 protes.
275 2654 559 2696 Buttmannus
593 2650 707 2693 enim
734 2650 868 2703 τριήρη
896 2650 1077 2693 σταλίδα
1104 2650 1416 2696 emendandum
1446 2669 1515 2696 ra—

60 2744 127 2780 tus
160 2732 429 2778 columellam
470 2731 686 2790 triplicem
709 2764 720 2781 ,
756 2729 999 2773 Gratiarum
1034 2732 1480 2791 fortassesymbolum
1501 2766 1512 2786 ,

61 2816 202 2874 qualia
252 2814 404 2858 δόκανα
461 2812 634 2855 fuerunt
677 2811 904 2854 Dioscuros
949 2811 1229 2870 significantia
1286 2813 1513 2858 intellexit.

64 2894 192 2940 Cuius
218 2896 467 2940 sententiam
499 2894 626 2938 latius
659 2893 865 2952 explicuit
897 2891 1160 2944 Bocckhius,
1198 2895 1271 2953 qui
1308 2895 1428 2938 utilia
1462 2895 1515 2938 de

1186 2975 1214 3016 9
