1794 3412
925 254 1156 293 -66-

328 374 455 422 Αιδης
495 375 565 426 χοὶ
598 372 709 415 κάτω
751 373 989 426 συνίστορες.
1052 374 1309 417 monendum
1346 372 1527 433 denique
1568 390 1743 435 apogra-

320 451 451 508 phum
495 451 666 492 Domini
703 450 919 495 Michaelis
959 450 1245 502 chartularii,
1278 452 1392 508 quod
1431 469 1502 496 sua
1542 469 1669 498 manu
1699 471 1747 498 ex

323 529 533 587 Cephalae
572 529 832 588 autographo
869 528 1176 587 descripserat,
1209 545 1230 572 a
1260 529 1433 574 librario
1466 546 1563 576 cum
1602 533 1749 577 codice

321 606 509 649 Palatino
539 607 740 650 collatum
770 622 875 652 esse.
937 607 1060 652 Unde
1090 608 1197 651 illud
1221 609 1432 661 ἆντίβολιυ
1462 610 1584 654 dixit.
1636 610 1750 655 con·
1778 602 1782 606 ’

321 685 428 728 feras
457 694 577 728 notas
604 685 853 744 marginales
882 685 933 728 ad
964 686 1069 737 Vll,
1103 689 1206 732 432.
1235 686 1306 736 ἕως
1339 686 1411 731 ὦδε
1442 688 1501 732 τὰ
1524 693 1596 733 τοῦ
1618 689 1750 743 κυρίου

318 764 499 816 Μιχαὴλ
531 766 603 807 τοῦ
623 764 852 818 μακαρίτου
881 770 1085 818 περιεῖχον
1117 765 1425 820 ἐπιγράμματα
1441 798 1454 816 ,
1497 765 1623 811 ἅτινα
1656 769 1750 812 ἰδιο-

318 842 462 895 χείρως
500 842 623 891 αὐτὸς
659 842 841 896 ἔγραψεν
871 843 916 885 ἐκ
945 848 1019 893 ’τῆς
1044 843 1200 895 βίβλου
1229 848 1318 888 τοῦ.
1339 848 1548 901 Κεφαλέἑς
1581 846 1633 890 ad
1659 846 1749 898 VI,

319 923 423 964 269.
461 922 518 969 ὦς
554 924 758 975 Σαπφοῦς
775 936 785 945 ·
826 922 883 970 εἷς
923 922 971 964 τὸ
1002 921 1215 973 ammom
1252 924 1296 965 οὐ
1337 928 1469 967 κεῖται
1505 928 1579 968 τοῦ
1618 924 1751 978 κυρίου

318 999 515 1052 Μιχαωίλ.
547 998 666 1041 πόθεν
690 996 761 1042 οὖν
787 998 953 1054 ἐγράφη
977 1001 1049 1043 οὐκ
1079 998 1173 1043 οἶδα
1189 1018 1204 1049 ;
1227 1001 1281 1044 ed
1302 1002 1383 1046 Vll
1399 1034 1411 1052 ‚
1441 1004 1546 1046 ⁴428.
1578 1001 1652 1051 ἕως
1676 1001 1751 1055 ὦδε

318 1078 551 1130 ἀπεβλήθη
587 1079 684 1131 πρὸς
713 1078 760 1121 τὸ
789 1079 1002 1130 ammom
1040 1082 1111 1122 τοῦ
1154 1080 1284 1132 κυρίου
1312 1082 1495 1133 Μιχαὴλ
1537 1081 1605 1124 καὶ
1642 1081 1751 1134 διωρ-

319 1158 415 1206 aaa»,
440 1173 558 1206 τινα,
591 1158 699 1206 πλὴν
725 1155 786 1200 ὅτι
813 1159 973 1200 κάκεῖνο
1003 1156 1247 1212 σφάλματα
1271 1155 1399 1211 εἶχεν.
1442 1160 1505 1203 Ex
1529 1174 1613 1218 quo
1643 1159 1751 1203 illud

320 1237 455 1294 ipsum
498 1236 785 1295 apographum
825 1237 907 1280 iam
939 1238 1048 1281 vitiis
1086 1237 1350 1295 inquinatum
1391 1238 1518 1282 fuisse
1547 1238 1752 1298 intelligi·¹

322 1324 408 1359 lur-

378 1392 462 1437 Sed
493 1394 574 1437 iam
604 1393 971 1438 demonstrandum
1003 1394 1108 1437 mihi
1136 1404 1197 1437 est
1227 1394 1521 1453 Anthologiam
1552 1397 1750 1440 Graecam

322 1487 399 1530 pro
440 1471 659 1515 dimidiata
689 1480 809 1530 parte
849 1487 938 1516 esse
979 1472 1187 1531 »Corpus
1227 1473 1604 1531 Inscriptionum’'
1638 1475 1751 1534 quod

322 1551 470 1592 faciam
501 1549 701 1607 exemplis
737 1550 996 1608 singulorum
1029 1566 1228 1609 generum
1260 1551 1592 1611 Inscriptionum
1621 1569 1753 1613 appo·

323 1630 409 1671 sitis
436 1638 478 1672 et
502 1628 738 1672 illustratis.
801 1629 854 1671 Et
886 1643 1007 1687 saepe
1038 1630 1211 1672 miratus
1238 1643 1329 1672 sum
1372 1631 1478 1673 viros
1509 1631 1655 1674 doctos
1679 1634 1753 1690 qui

322 1707 487 1751 assiduo
527 1707 672 1750 labore
710 1722 759 1750 ex
800 1707 1025 1751 ruderibus
1075 1709 1394 1768 inscriptionum
1440 1711 1671 1768 fragmenta
1711 1721 1754 1756 et

322 1786 550 1846 particulas
584 1787 627 1829 in
667 1786 804 1829 lucem
836 1786 1083 1845 protrahere
1111 1788 1348 1832 maluerunt
1377 1804 1503 1848 quam
1533 1789 1599 1832 his
1629 1790 1754 1849 largis

322 1866 501 1924 dapibus
525 1880 690 1909 mecum
723 1866 826 1909 frui.
872 1866 1058 1921 Quorum
1089 1867 1225 1910 studia
1242 1867 1438 1926 equidem
1461 1870 1632 1913 minime
1652 1885 1755 1913 con·

325 1954 467 1987 temno
487 1976 498 1994 .
532 1958 663 2002 quum
693 1944 877 2002 plurima
905 1945 1145 2002 cognitione
1173 1954 1214 1988 et
1242 1948 1351 1990 scitu
1388 1947 1632 2006 dignissima
1657 1949 1756 1993 inde

323 2024 477 2067 nostris
515 2023 778 2081 temporibus
810 2023 941 2066 literis
979 2025 1228 2067 accesserint
1260 2025 1457 2076 Graecis,
1489 2026 1559 2069 sed
1580 2027 1756 2073 Antho-

324 2103 460 2162 logiae
478 2118 610 2161 opera
635 2101 915 2160 impendenda
939 2111 1029 2146 erat
1052 2119 1151 2161 prae
1173 2104 1244 2155 iis,
1278 2104 1320 2147 in
1348 2105 1503 2162 quibus
1527 2107 1754 2152 restituen-

323 2182 388 2225 dis
416 2183 524 2224 viros
555 2180 701 2223 doctos
738 2196 860 2239 saepe
885 2182 941 2224 ita
969 2190 1149 2224 versatos
1184 2181 1353 2232 videas,
1385 2192 1433 2226 ut
1466 2193 1539 2227 aut
1564 2185 1756 2244 legantur

326 2276 433 2320 quae
464 2261 519 2303 ab
548 2260 716 2302 homine
743 2260 901 2303 Graece
940 2259 1064 2304 docto
1101 2261 1182 2319 legi
1212 2270 1284 2305 aut
1307 2262 1489 2322 intelligi
1514 2275 1752 2322 nequeant,

324 2350 398 2384 aut
419 2355 466 2383 ea
492 2354 601 2398 quae
624 2339 678 2381 ab
705 2339 795 2395 ipso
825 2341 1033 2398 scriptore
1063 2340 1253 2398 profecta
1284 2356 1370 2384 esse
1396 2357 1480 2384 non
1507 2358 1628 2401 posse
1652 2359 1755 2388 *sen-

325 2421 434 2470 tias,
478 2420 642 2463 etiamsi
679 2427 792 2461 recta
830 2420 929 2464 sint.
991 2419 1211 2462 Interdum
1252 2420 1317 2463 vix
1349 2420 1475 2464 ullam
1510 2422 1754 2467 continuam

325 2500 543 2544 literarum
575 2499 722 2541 seriem
757 2513 968 2556 agnoscas.
1030 2499 1329 2558 Inscriptiones
1366 2509 1504 2544 autem
1542 2502 1752 2561 integras,

327 2579 482 2638 quibus
505 2578 647 2622 nullus
675 2578 761 2620 fera
787 2579 827 2620 in
855 2578 1030 2622 Graecia
1054 2578 1221 2622 carebat
1249 2579 1390 2630 locus,
1423 2581 1533 2624 inter
1561 2583 1755 2640 antiquos

326 2661 408 2702 iam
442 2658 614 2718 plurimi
643 2657 902 2715 collegerunt
929 2658 1166 2716 Periegetae
1197 2667 1238 2701 et
1267 2660 1494 2710 Historici,
1530 2668 1577 2703 ut
1607 2661 1756 2704 Philo-

326 2738 478 2781 chorus
504 2737 678 2780 collecta
701 2736 833 2779 edidit
849 2736 1184 2791 Ἐπιγράμματα
1215 2738 1390 2781 Ἀττικά
1407 2773 1419 2788 ,
1452 2738 1755 2797 Neoptolemus

327 2818 523 2861 Parianus
548 2816 676 2860 libros
702 2817 864 2874 scripsit
890 2816 977 2870 περὶ
991 2816 1318 2870 ἐπιγραμμάτων
1345 2817 1500 2866 Athen.
1517 2819 1551 2861 Χ
1571 2852 1581 2870 ,
1614 2823 1697 2864 454
1722 2821 1755 2864 Ε
