1794 3412
926 268 1190 308 -140—

350 387 571 446 ptionibus
598 396 738 430 autem
777 402 840 429 res
871 387 976 430 laeta
1020 397 1192 446 propter
1223 403 1346 446 quam
1379 405 1527 433 munus
1561 389 1639 433 diis
1669 391 1782 435 dica·

351 475 419 508 tur
449 466 670 509 memorari
712 465 829 509 solet.
894 466 995 510 Ideo
1029 482 1152 525 supra
1193 469 1235 509 in
1281 469 1490 512 Leonidae
1523 472 1602 528 Ep.
1643 471 1695 515 A.
1731 471 1776 515 P.

350 543 438 592 VI,
470 559 511 588 c.
531 547 632 590 293.
662 550 704 589 5.
739 546 883 603 scripsi
909 544 1052 589 οὕνεκα
1076 562 1152 605 pro
1180 547 1308 596 ἡνίκα.
1375 549 1778 607 Posterior'quoque

348 636 395 665 ex
423 621 583 666 duabus
611 624 822 668 Leonidae
853 626 1197 683 inscriptionibus
1218 627 1336 670 male
1367 642 1388 669 a
1416 627 1604 671 ‘librariis
1636 628 1778 671 habita

346 700 525 745 necdum
571 718 594 745 a
638 703 796 746 criticis
837 705 1036 762 pristinae
1078 705 1308 762 integritati
1346 707 1536 750 restituta
1579 715 1657 752 est.
1729 707 1779 750 In'

347 791 409 824 vs.
443 782 485 824 4.
517 795 593 838 pro
617 782 693 823 ἀπ’
722 781 861 825 ὠδίνων
889 783 1157 826 scribendum
1187 793 1316 842 puto:
1351 786 1420 828 ὑπ’
1451 786 1604 828 ὠδίνων.
1666 785 1778 828 Illud

348 873 433 916 quo
472 873 592 902 seusu
636 859 791 903 Graece
834 860 1000 903 dicatur
1021 895 1031 911 ,
1068 862 1229 906 ‚docent
1271 865 1325 908 A.
1356 865 1405 910 P.
1435 865 1513 908 vu
1535 896 1548 918 ‚
1594 879 1632 909 c.
1661 867 1701 909 4.
1736 866 1778 908 8.

345 1015 452 1058 ὅσσοι
490 1017 566 1059 ἀπ’
608 1017 748 1060 ὠδίνων
789 1019 859 1060 οὐκ
890 1018 970 1061 ἴδον
1011 1019 1151 1068 ἠέλιον.
1216 1019 1358 1063 Infans
1405 1022 1531 1078 igitur
1572 1021 1666 1074 ζωὸς
1705 1023 1780 1064 ἀπ’

344 1095 485 1138 ὠδίνων
517 1104 578 1138 est
610 1108 761 1139 »natus
801 1098 967 1147 vivus,”
1002 1098 1114 1156 quod
1144 1098 1224 1142 hoc
1255 1099 1377 1149 loco,
1411 1100 1486 1142 ubi
1514 1099 1609 1152 ζωόν
1634 1115 1709 1158 per
1738 1115 1780 1144 se

1369 1178 1580 1196 eeeee

346 1175 627 1218 rectissimum
656 1183 748 1225 est,
784 1176 988 1234 ineptum.
1053 1178 1173 1233 Quod
1214 1179 1378 1221 restitui
1411 1195 1468 1221 υπ
1511 1179 1682 1227 ωδινων,
1715 1178 1778 1222 di-

346 1261 461 1297 ctum
489 1261 534 1296 ut
559 1253 629 1296 ὑπ’
656 1244 819 1302 αὐλῶν,
854 1254 930 1297 ὑπὸ
960 1255 1187 1309 συρίγγων,
1221 1257 1297 1299 ὑπὸ
1328 1257 1557 1308 μαστίγων.
1619 1257 1701 1301 Sed
1729 1272 1780 1301 ne

346 1333 406 1375 sic
439 1331 609 1391 quidem
656 1334 792 1375 omnia
843 1333 967 1392 plano
1007 1334 1119 1377 dicta
1160 1334 1266 1377 mihi
1308 1334 1518 1379 videntur.
1594 1335 1698 1379 Nam
1735 1336 1778 1378 in

343 1412 486 1469 priore
516 1411 687 1454 alterius
718 1411 888 1454 distichi
917 1427 1035 1455 versu
1070 1412 1278 1470 iungenda
1316 1422 1437 1458 sunt:
1475 1414 1520 1455 ἐκ
1551 1412 1668 1456 τόκου
1697 1414 1780 1465 βα-

341 1490 583 1543 ρυνομένης,
619 1499 664 1533 ut
697 1490 876 1534 Theocr.
904 1490 1057 1544 XVII,
1091 1493 1165 1537 61.
1229 1491 1469 1543 Ἀντιγόνοις
1495 1491 1677 1545 θυγάτηρ
1706 1493 1779 1544 βε-

344 1566 561 1621 βαρημένα
601 1568 814 1611 ὠδίνεσσιν.
862 1567 972 1613 Call.
1016 1569 1108 1613 Del.
1137 1571 1239 1615 202.
1286 1572 1456 1623 τλήμον’
1495 1572 1564 1614 ὑπ’
1604 1571 1778 1615 ὠδίνεσσι

344 1646 618 1700 βαρυνομένην
654 1646 817 1700 ὁρόωσαι.
881 1648 1021 1691 Verbo
1052 1649 1327 1702 βαρυνομένης
1370 1650 1581 1708 appositus
1615 1664 1780 1693 accusa-

344 1728 456 1770 tivus
491 1725 621 1775 νηδύν.
682 1726 862 1792 5οάχίῐᾶ
899 1728 1006 1771 mire
1047 1728 1236 1772 dictum:
1281 1727 1411 1772 λύσαο
1447 1729 1562 1778 τῆςδε
1597 1729 1779 1784 βρέφος,

347 1805 423 1847 ubi
463 1814 536 1848 aut
576 1805 930 1863 praepositionem
965 1805 1149 1850 additam
1195 1807 1390 1851 malueris
1433 1815 1505 1850 aut
1540 1807 1655 1851 aliud
1692 1823 1780 1851 ver-

347 1885 448 1927 bum
486 1893 776 1943 exspectasses.
847 1884 965 1939 Quod
1004 1886 1096 1928 aliis
1135 1889 1317 1944 reperire
1369 1887 1573 1945 obtingat.
1636 1887 1706 1932 vs.
1737 1889 1779 1931 2.

348 1971 594 2021 corruptum
639 1970 726 2005 est:
773 1960 914 2015 ὕπερθε
953 1963 1083 2016 θυρῶν.
1149 1963 1356 2021 Corrigo:
1406 1966 1622 2019 παρθενίων
1666 1966 1781 2014 θῆκεν

347 2043 425 2085 ὑπὸ
454 2041 672 2095 προθύμων,
707 2042 772 2084 vel
801 2041 868 2084 ἐπὶ
896 2042 1104 2094 προθύρων.
1169 2043 1225 2087 Ut
1255 2043 1523 2101 Asclepiades
1555 2045 1607 2088 A.
1638 2043 1686 2088 Ρ.
1714 2045 1750 2085 V
1768 2077 1777 2094 ,

349 2123 451 2166 202.
476 2125 519 2166 2.
580 2122 792 2181 Πλαγγὼν
819 2122 999 2164 εὐίππων
1026 2123 1139 2171 θῆκεν
1165 2123 1230 2164 ἐπὶ
1257 2123 1463 2176 προθύρων.
1497 2122 1579 2174 VI,
1613 2137 1650 2167 ο.
1679 2126 1778 2168 157.

351 2204 393 2246 4.
428 2203 529 2244 246.
558 2203 601 2244 3.
645 2199 791 2253 ῥάβδον
823 2201 890 2242 ἐπὶ
934 2200 1150 2254 προθύροισι
1189 2200 1375 2244 Πόσειδον
1416 2200 1570 2245 ἄνθετο.
1610 2217 1648 2246 c.
1678 2204 1779 2246 254.

351 2282 393 2323 8.
423 2280 526 2332 δῶρα
554 2280 775 2332 Πριῆπείων
802 2280 917 2329 θῆκεν
941 2279 1008 2322 ἐπὶ
1040 2280 1246 2333 προθύρων.
1280 2282 1382 2324 293.
1418 2282 1461 2324 6.
1494 2285 1686 2328 στεπτοῒς
1712 2282 1779 2331 θῆ-

350 2375 418 2401 κεν
444 2359 511 2401 ἐπὶ
549 2357 760 2411 προθύροις.
825 2356 1032 2401 Similiter
1059 2358 1116 2401 VI
1138 2391 1148 2409 ,
1187 2360 1284 2402 172.
1318 2358 1391 2411 πρὸ
1422 2358 1632 2407 παστάδος
1663 2360 1780 2414 ᾐώρη-

351 2455 396 2480 σε
435 2440 588 2480 ταῦτα.
622 2440 724 2481 277.
767 2439 809 2483 2.
851 2437 910 2478 σοὶ
960 2437 1110 2480 πλόκον
1154 2437 1301 2485 οἰκείας
1355 2437 1465 2480 τόνδε
1507 2438 1672 2481 λέλοιπε
1713 2438 1779 2481 κό-

350 2534 430 2569 μης
473 2516 654 2569 Ἀρσινόη
686 2515 793 2559 θυόεν
829 2518 925 2569 παρ’
971 2515 1200 2570 ἀνάκτορον.
1277 2516 1342 2560 Ad
1387 2517 1496 2559 idem
1543 2518 1781 2576 inscriptio-

351 2611 454 2640 num
480 2609 608 2654 genus
632 2594 898 2637 referendum
924 2595 1047 2637 etiam
1077 2594 1224 2639 Niciae
1250 2596 1504 2653 epigramma
1534 2597 1586 2640 A.
1613 2597 1658 2642 P.
1686 2597 1744 2639 VI
1765 2630 1775 2647 ‚

353 2676 454 2718 270.

471 2752 805 2807 Ἀμφαρέτρις
838 2754 1037 2806 κρήδεμνα
1069 2753 1136 2795 καὶ
1169 2753 1396 2795 ὑδατόεσσα
1428 2754 1645 2806 uocatam-poa

588 2834 805 2883 Εἷλῆθυια,
841 2837 937 2881 τεοῖς
967 2838 1096 2875 κεῖται
1131 2833 1226 2885 ὑπὲρ
1254 2836 1469 2887 κεφαλᾶς,
