1794 3412
940 279 1204 319 ——176—«

468 403 570 452 δοιῆς
601 404 645 443 ἐκ
677 400 824 452 τέχνης
857 400 970 443 αἰνέω
997 400 1139 452 βροτὸν
1157 432 1169 448 ,
1202 398 1242 448 ὅς
1273 414 1325 450 γε
1351 400 1418 442 καὶ
1445 398 1585 447 ἄλλοις

584 480 671 528 δοὺς
703 479 786 521 θεὸν
816 478 856 520 ἐν
883 477 1145 532 σπλάγχνοις
1178 476 1268 532 εἶχε
1298 479 1554 533 τελειότερον.

349 560 430 602 hoo
456 559 586 616 igitur
619 557 873 616 epigramma
899 571 1036 614 neque
1068 558 1164 600 satis
1190 558 1314 616 plene
1346 558 1525 616 intelligi
1553 571 1688 615 neque
1714 556 1791 599 ins

347 638 518 697 scriptio
556 636 704 679 haberi
735 644 874 694 potest
914 651 1044 694 quum
1082 636 1256 679 artificis
1293 651 1443 679 nomen
1474 651 1557 679 non
1588 634 1779 678 additum

350 717 430 768 sit,
464 716 544 759 nisi
573 731 621 759 ex
649 715 780 758 latere
810 715 848 757 ei
887 724 1121 773 apponatur
1162 715 1339 758 alterum
1369 714 1482 773 quod
1513 713 1634 758 alteri
1661 713 1778 764 basi,

346 805 392 839 ut
443 794 606 838 videtur
655 794 906 853 inscriptum
956 793 1109 852 legitur
1164 794 1206 836 in
1260 792 1517 851 Anthologia
1568 791 1779 836 Planudea

345 890 385 921 c.
411 876 517 921 205.

462 952 579 997 Ἀντί
601 953 648 1004 μ’
669 953 845 1006 Ἔρωτος
863 951 1028 1004 Ἔρωτα
1057 951 1187 1005 βροτῷ
1217 950 1301 992 θεὸν
1322 950 1460 992 ὤπασε
1490 948 1616 1002 Φρύνη

578 1030 831 1086 Πραξιτέλης
862 1031 1001 1082 μισθὸν
1031 1029 1099 1072 καὶ
1127 1029 1210 1072 θεὸν
1234 1028 1464 1082 εὑρόμενος·

463 1114 485 1161 ἡ
517 1111 551 1153 δ’
577 1112 648 1155 οὐκ
679 1111 816 1164 ἠρνήθη
842 1110 910 1153 τὸν
935 1109 1131 1152 τέκτονα·
1163 1108 1270 1151 δεῖσε
1300 1106 1384 1160 γάρ
1410 1108 1443 1150 οἱ
1469 1108 1575 1161 φρὴν

577 1191 636 1242 μὴ
668 1190 751 1238 θεὸς
782 1189 874 1232 ἀντὶ
903 1188 1054 1242 τέχνης
1081 1186 1298 1240 σύμμαχα
1327 1185 1430 1236 τόξα
1450 1185 1588 1240 λώβη·

459 1268 614 1323 ταρβεῖ
640 1268 675 1311 δ’
705 1267 837 1311 οὐκέτι
863 1283 940 1310 που
966 1267 1034 1310 τὸν
1061 1265 1254 1319 Κύπριδος
1281 1265 1400 1307 ἄλλα
1425 1265 1493 1308 τὸν
1522 1265 1569 1307 ἐκ
1594 1267 1664 1307 σοῦ

577 1345 827 1400 Πραξίτελες
851 1346 1002 1398 τέχνην
1032 1344 1173 1398 μητέρ’
1199 1343 1466 1395 ἐπισταμένη.

341 1427 432 1470 Hoc
460 1426 759 1485 epigrammate
799 1423 944 1466 addito
974 1432 1123 1482 sponte
1163 1423 1414 1480 intelligitur
1443 1425 1485 1465 in
1517 1422 1659 1480 priore
1700 1437 1776 1464 no-

341 1507 455 1549 mine
485 1504 700 1548 Praxitelis
726 1511 955 1546 memorato
981 1518 1064 1545 non
1095 1517 1199 1560 opus
1227 1501 1370 1547 fuisse.
1429 1502 1479 1544 In
1506 1502 1657 1560 prioris
1684 1515 1776 1543 ear·

340 1585 465 1627 minis
510 1600 571 1630 vs.
595 1587 638 1628 2.
701 1582 882 1626 Iacobsii
911 1582 1154 1625 coniectura
1184 1582 1281 1635 ὑπὲρ
1313 1580 1489 1624 κτεάνων
1520 1581 1577 1623 ita
1607 1594 1774 1638 compa·

338 1671 426 1706 rata
455 1671 518 1706 est
543 1670 591 1705 ut
621 1661 867 1705 sententiam
905 1668 1054 1719 poetae
1085 1660 1320 1704 restitutam
1347 1660 1498 1718 probes
1518 1692 1529 1711 ,
1564 1658 1634 1702 sed
1660 1658 1775 1701 aliud

338 1741 545 1786 desideres
571 1741 762 1785 verbum.
827 1740 933 1784 Nam
972 1739 1127 1783 κτέανα
1158 1748 1254 1782 sunt
1285 1754 1391 1798 quae
1427 1740 1520 1797 quis
1557 1738 1771 1798 possidet,

337 1820 478 1874 κέρδεα
510 1834 608 1863 vero
650 1819 855 1879 pecuniae
894 1818 1012 1861 lucro
1053 1827 1346 1877 comparatae,
1392 1818 1665 1876 quamobrem
1703 1817 1773 1860 hic

337 1900 422 1942 loci
448 1899 619 1942 malim:
653 1898 791 1950 μισθὸν
824 1898 921 1950 ὑπὲρ
947 1897 1123 1950 κερδέων.
1188 1897 1245 1940 Ut
1276 1896 1446 1942 callim.
1479 1898 1532 1941 A.
1556 1897 1604 1940 P.
1634 1896 1770 1947 XIII,

338 1982 412 2024 25.
454 1978 511 2021 τὰ
555 1977 670 2030 δῶρα
692 1975 926 2029 Τιμόδημος
964 1973 1102 2017 εἵσατο
1143 1979 1220 2017 τῶν
1259 1975 1420 2028 κερδέων
1465 1974 1772 2027 δεκατεύματα.

336 2059 418 2101 Pro
472 2055 699 2109 Θεοξπιοέσιν
745 2054 858 2114 quod
910 2063 1046 2097 metro
1093 2055 1272 2097 aversari
1320 2055 1486 2097 monuit
1536 2054 1772 2097 Lobeckius

338 2137 502 2180 Buttm.
550 2136 624 2180 Gr.
657 2142 690 2179 t.
713 2134 774 2179 11.
819 2149 864 2192 p.
891 2135 994 2176 352.
1041 2132 1349 2176 restituendum
1389 2140 1451 2175 est
1484 2132 1598 2190 quod
1640 2147 1773 2176 mem·

338 2216 494 2258 branae
526 2213 741 2257 Palatinae
771 2220 814 2256 et
845 2212 1027 2271 optimus
1064 2209 1219 2254 Suidae
1256 2210 1384 2253 codex
1414 2211 1646 2268 praebent:
1693 2217 1770 2254 Θε-

337 2294 495 2339 σπιέσιν
525 2309 604 2353 pro
630 2295 900 2341 Θεσπιεῦσιν,
935 2300 981 2334 ut
1003 2289 1197 2345 δραμέσι,
1230 2289 1389 2338 τοκέα-ι,
1425 2305 1465 2333 v.
1500 2290 1770 2336 Buttm.-Gr.

339 2377 414 2420 Gr.
439 2375 478 2419 Ι.
520 2389 566 2432 p.
602 2375 683 2417 193
715 2388 780 2431 sq.
842 2371 996 2415 Sensus
1036 2379 1098 2414 est
1139 2368 1389 2413 »dedicavit
1421 2377 1466 2412 ut
1498 2368 1771 2428 Thespienses

337 2455 462 2499 deum
491 2453 630 2496 colere
652 2451 895 2511 ‘possent‚’'
929 2449 987 2494 cl.
1020 2448 1206 2493 Leonida
1237 2449 1355 2494 Plan.
1384 2450 1486 2494 206.
1521 2452 1561 2494 1.

454 2531 651 2580 Θεσπιέες
681 2530 750 2573 τὸν
775 2531 940 2584 Ἔρωτα
969 2527 1087 2580 μόνον
1117 2528 1200 2571 θεὸν
1227 2529 1273 2571 ἐκ
1303 2522 1511 2582 ΚυθερείηςΙ

570 2610 705 2665 ἄξοντ’
735 2610 816 2662 οὐχ
847 2608 977 2662 ἑτέρου
1007 2608 1192 2662 γραπτὸν
1222 2609 1297 2650 ἀπ’
1328 2607 1582 2661 ἀρχετύπου.

334 2693 468 2737 Possis
506 2699 550 2736 et
587 2688 870 2739 Θεσπιαδαις,
915 2687 1139 2734 cl.''Anth.
1175 2687 1293 2732 Plan.‘
1328 2689 1426 2732 167.
1460 2690 1502 2731 3.
1541 2685 1610 2728 τὸν
1646 2684 1681 2728 δ’
1711 2685 1765 2728 ἐνὶ

334 2771 588 2822 eamdam
624 2770 783 2824 γλυκὺν
818 2767 962 2823 ἵμερον.
1026 2768 1075 2813 In
1114 2766 1384 2826 sequentibus
1413 2765 1634 2824 iungenda
1675 2781 1764 2809 ver-

335 2854 411 2898 ha:
