1794 3412
925 231 1188 271 -258—

577 355 707 401 θέντες
739 354 807 395 καὶ
839 353 968 406 λοισίῳ
997 354 1114 407 φιμοὶ
1145 352 1232 404 περὶ
1265 351 1441 403 στόμοιτι
1467 386 1481 403 Δ,

457 430 581 474 ἵππιοι
612 431 843 476 παιδεύουσι
875 432 961 474 θεοῦ
993 430 1080 484 περὶ
1113 431 1205 473 ναὸν
1236 429 1371 482 ἄεθλοι,

577 508 667 563 ὄφρ’
698 510 845 558 αὐτοὺς
875 509 1060 564 φορέῃς
1092 510 1221 559 ἤπιοι
1251 508 1545 562 τερπομένους(

340 586 519 630 Videtur
543 585 624 629 hoc
648 588 901 645 epigramma
921 619 933 640 ‚
969 587 1082 645 quod
1109 587 1393 645 inscriptionis
1413 586 1590 630 formam
1619 587 1776 630 referre

338 665 451 707 dicas
468 696 479 715 ,
500 664 750 723 inscriptum
778 666 905 708 fuisse
936 666 1110 724 imagini
1128 665 1237 708 hirci
1265 680 1417 709 aeneae
1441 665 1552 708 iuxta
1571 665 1776 723 templum

337 745 496 800 positae
515 775 526 795 ,
560 745 721 787 circum
749 759 874 802 quam
905 744 1072 802 pueruli
1099 744 1390 795 colludentes,
1425 759 1530 797 unus
1554 745 1774 802 equitans,

335 822 478 880 plures
505 822 714 866 adstantes
738 823 1124 881 conspiciebantur.
1189 821 1429 867 Consimilis
1450 822 1686 881 argumenti
1715 829 1776 865 est

335 901 512 944 alterum
545 902 601 946 A.
633 902 679 946 P.
709 902 772 945 IX
792 935 804 953 ,
840 905 941 946 745.
1365 906 1371 911 ”

453 978 561 1022 Θάεο
587 980 656 1023 τὸν
686 981 852 1033 Βρομίου
884 981 1022 1033 κεροιὸν
1048 979 1201 1033 τράγον
1232 982 1283 1028 ὥς
1313 981 1535 1033 άγερῶχως

569 1058 688 1110 ὄμμοι
718 1059 830 1102 κοιτοὶ
861 1060 1013 1102 λοισιοῖν
1043 1061 1192 1112 γοιῦρον
1223 1058 1312 1111 ἔχει
1345 1054 1521 1109 γἐνύων,

447 1136 612 1180 κυδιόων
637 1135 697 1180 ὅτι
725 1138 758 1179 οἱ
785 1135 883 1188 θάμ’
911 1138 953 1179 ἐν
981 1136 1133 1190 οὔρεσιν
1163 1136 1279 1190 άμφὶ
1307 1136 1471 1190 ποιρῇδοι

568 1215 798 1269 βόστρυχον
829 1216 885 1263 εἷς
913 1214 1047 1268 ῥοδέοιν
1079 1213 1189 1262 Νοιῖὀ
1218 1213 1355 1257 ἔδεκτο
1384 1214 1505 1268 χέροι.

334 1291 493 1338 Prioris
505 1296 704 1337 carminis
723 1309 884 1337 versum
905 1296 1075 1336 tertium
1102 1302 1216 1336 recte
1235 1292 1316 1336 hoc
1333 1293 1458 1336 modo
1474 1293 1772 1350 interpretatus

333 1383 394 1416 est
424 1374 665 1416 lacobsius:
711 1386 739 1412 ›>
757 1373 883 1429 pueri·
915 1386 988 1429 per
1015 1372 1153 1414 lusum
1181 1372 1394 1429 equestria
1419 1379 1614 1414 exercent
1643 1377 1774 1412 certa-

331 1453 445 1494 mina
487 1452 599 1493 circa
631 1450 835 1507 templum
882 1449 1091 1507 Neptuni*
1122 1449 1392 1507 Equestris.''
1458 1447 1575 1491 Idem
1612 1462 1774 1493 summo

333 1532 425 1572 iure
454 1537 701 1586 corruptum
743 1541 832 1570 esse
863 1528 1028 1570 censuit
1061 1542 1223 1571 versum
1266 1535 1492 1586 quartum,
1532 1527 1654 1569 cuius
1683 1541 1771 1568 sen-

335 1608 462 1650 tentia
490 1606 753 1659 subabsurda
784 1605 914 1658 haec,
949 1620 1100 1663 pueros
1125 1607 1352 1649 certamina
1383 1605 1611 1649 instituisse
1644 1620 1692 1648 ea
1723 1603 1776 1648 de

332 1701 452 1729 causa
492 1693 538 1727 ut
579 1685 720 1728 hircus
762 1700 831 1728 eos
871 1692 1042 1742 portet,
1090 1693 1132 1727 et
1170 1700 1247 1744 pro
1289 1686 1392 1735 ἤπιοι
1438 1693 1553 1739 recte
1593 1684 1774 1727 coniecit

332 1768 470 1816 νήπιοι.
535 1766 627 1820 Quo
659 1771 840 1806 assumto
873 1763 1172 1807 scribendum:

448 1842 574 1886 ἵππιοι
603 1843 835 1886 ποιιδεύουσι
867 1843 953 1885 θεοῦ
985 1842 1075 1896 περὶ
1108 1844 1200 1886 νοιὸν
1226 1842 1356 1886 ἄεθλοι
1374 1876 1386 1892 ,

566 1921 654 1975 ὄφρ’
685 1921 833 1968 αὐτοὺς
859 1922 982 1974 ἑφορῇ
1008 1922 1134 1970 νήπιοι
1163 1921 1441 1973 τερπομένους.

331 2004 388 2047 Ut
416 2001 518 2044 deus
547 2002 634 2057 ipse
664 2015 734 2041 eos
768 1998 959 2041 ludentes
998 1999 1272 2056 puerulorum
1298 2000 1383 2042 ritu
1412 2000 1453 2041 in
1493 1996 1622 2041 hircis
1650 1999 1769 2056 equi-

333 2082 509 2124 tantium
538 2078 706 2137 placido
735 2078 893 2121 lumine
924 2077 1062 2119 videat
1089 2085 1131 2119 et
1161 2085 1342 2120 tueatur.

389 2157 594 2202 Leonidas
626 2172 664 2200 c.
695 2158 796 2199 328.

444 2239 530 2287 Τὴν
555 2236 750 2290 τριτάτην
778 2236 960 2288 χοιρίτων
991 2235 1067 2277 ἀπ’
1099 2236 1199 2286 ἐμεῦ
1225 2233 1331 2277 πάλι
1357 2233 1556 2285 λάμβανε
1587 2233 1740 2285 βίβλον

565 2319 723 2368 Κοιῖσοιρ
753 2313 956 2367 ἷσηρίθμου
987 2313 1197 2364 σύμβολον
1227 2312 1390 2361 somine

443 2400 592 2443 Νεῖλος
619 2392 726 2442 ὅπως
756 2392 825 2435 κοιὶ
857 2391 975 2441 τήνδε
1005 2390 1054 2435 δι’
1082 2390 1282 2438 Ἑλλάδος
1310 2389 1515 2433 ἰθύνουσοιν

563 2479 624 2528 τῇ
653 2471 823 2526 χθονίῃ
853 2469 1002 2526 πέμψῃ
1031 2470 1145 2523 δῶρον
1177 2467 1424 2513 άοιδότοιτον.

329 2557 505 2598 Versum
548 2560 746 2610 quartum
789 2548 949 2592 infelici
992 2549 1227 2601 temeritate
1278 2547 1453 2591 tentavit
1498 2546 1765 2599 Brunckius,

326 2649 404 2693 pro
428 2639 480 2688 τῇ
510 2630 648 2686 χθονίῳ
686 2644 893 2688 reponens
923 2632 1006 2676 τοῖς
1041 2627 1211 2681 Κρονίοις
1249 2642 1298 2669 ex
1329 2624 1514 2670 eiusdem
1556 2625 1768 2669 Leonidae

326 2715 407 2772 Ep.
442 2711 495 2756 A.
519 2711 567 2755 P.
592 2707 678 2761 vl,
712 2711 813 2752 322.
850 2711 892 2752 3.
956 2708 1086 2750 Recte
1108 2706 1319 2764 perspexit
1346 2705 1384 2749 Ι.
1410 2705 1463 2749 G.
1486 2702 1767 2748 Schneiderus

328 2802 463 2836 terrae
492 2804 644 2833 nomen
682 2788 809 2831 latere
831 2821 840 2838 ‚
876 2784 1163 2840 sedeiusdem
1198 2784 1439 2828 coniectura
1482 2784 1655 2840 Αὖσονίῃ
1692 2784 1766 2827 ni-
