1794 3412
0 548 2 607 l

640 263 908 306 -135—

232 391 516 445 παρθενικαῖς,
550 388 694 438 παῖδες
720 389 761 433 δὲ
793 390 896 444 θέρος
929 389 975 432 τὸ
1007 393 1158 443 πρῶτον
1191 389 1330 432 ἶούλων

230 470 396 525 ἄρσενες
429 471 612 522 ἠιθέοισιν
635 470 922 525 ἀπαρχόμενοι
953 471 1175 525 Φορέουσιν.

51 562 93 597 et
137 553 247 611 ipsos
290 551 481 612 Delphos
520 553 907 612 proficiscebantur
940 561 986 596 ut
1020 554 1062 596 in
1104 553 1265 613 templo
1303 551 1510 611 augustis-

48 636 156 678 simo
185 649 348 677 sacrum
387 643 639 693 peragerent
677 634 837 686 ritum,
873 635 927 677 de
953 649 1039 693 quo
1065 634 1213 678 confer
1240 633 1508 693 Theopomp.

51 714 210 760 Athen.
243 715 379 766 XIII,
424 717 498 760 83.
542 717 627 758 605
670 715 723 758 A,
800 713 1047 766 Θεόπομπος
1089 713 1361 769 φιλογύναιόν
1404 718 1511 768 φησι

50 795 266 848 γεγονέναι
298 796 492 840 Φάϋλλον
518 796 587 839 τὸν
619 795 785 838 Φωκέων
815 796 1031 849 τύραννον,
1064 795 1302 851 Φιλόπαιδα
1326 796 1368 839 δὲ
1395 794 1512 838 'Ova'-

49 891 239 931 μαρχον·
271 877 340 919 καὶ
371 877 417 920 ἐκ
443 880 522 919 τῶν
557 879 629 919 τοῦ
664 877 751 919 θεοῦ
784 876 1040 930 χαρίσασθαι
1072 877 1198 919 αὐτὸν
1229 878 1286 925 εἷς
1315 876 1512 931 Δελφοὺς

50 957 370 1011 παραγενομένῳ
410 958 467 1009 τῷ
498 955 723 1009 Πυθοδώρου
761 957 834 998 τοῦ
865 955 1083 999 Σικυωνίου
1116 956 1185 1009 υἱῷ
1212 955 1512 1010 ἀποκειρομένῳ

50 1039 123 1086 την
152 1036 307 1089 κόμην,
340 1035 422 1079 ὄντι
450 1037 565 1090 καλῷ
594 1035 897 1087 συγγενόμενον
925 1035 983 1078 τά
1017 1035 1259 1089 Συβαριτῶν
1294 1036 1512 1089 άναθημα-

50 1134 135 1169 τοι,
174 1126 217 1161 et
244 1116 369 1169 ‚Plan
412 1116 540 1161 Thes.
586 1132 625 1160 c.
662 1118 714 1163 V.
758 1116 866 1165 ἔθους
903 1116 945 1159 δὲ
986 1115 1097 1165 ὄντος
1138 1115 1213 1160 ἔτι
1256 1115 1371 1160 τότε
1418 1118 1513 1166 τοὺς

48 1197 384 1251 μεταβαίνοντας
416 1200 464 1242 ἐκ
505 1198 660 1242 παίδων
689 1198 883 1247 ἐλθόντας
919 1199 977 1246 εἰς
1009 1198 1206 1253 Δελφοὺς
1243 1197 1514 1253 ἀπάρχεσθαι

52 1280 107 1333 τῷ
138 1280 210 1333 θεῷ
241 1284 315 1329 τῆς
343 1278 502 1332 κόμης,
535 1278 631 1331 ἦλθε
656 1279 733 1332 μὲν
759 1280 816 1328 εἰς
845 1278 1042 1334 Δελφοὺς
1075 1279 1094 1322 ὁ
1127 1279 1289 1329 Θησεύς
1316 1281 1403 1324 κτέ.
1439 1281 1515 1323 ubi

51 1360 350 1421 corrigendum
382 1376 498 1405 esse:
533 1361 606 1411 ἤδη
637 1360 733 1405 τότε
775 1361 913 1420 liquet
935 1394 946 1412 ,
981 1361 1039 1404 ita
1082 1361 1307 1421 inscriptio
1338 1361 1518 1421 capillo-

52 1455 148 1485 rum
176 1441 470 1485 dedicatorum
496 1457 594 1485 cum
623 1441 919 1500 compluribus
944 1440 1039 1484 aliis
1061 1441 1250 1485 eiusdem
1278 1444 1517 1500 argumenti

51 1523 94 1566 in
128 1522 265 1566 insula
293 1522 403 1565 Paro
440 1531 559 1565 eruta
587 1531 679 1566 est:
711 1524 786 1572 την
824 1520 1118 1576 πρωτότμητον
1144 1522 1277 1576 τρίχα
1307 1524 1382 1573 τὴν
1412 1525 1514 1578 ἐφη-

50 1603 148 1654 βίην
195 1603 330 1657 κείρας
375 1602 545 1652 ἀνέθηκε
591 1603 862 1656 Στρατόνικος
909 1603 1221 1653 Ἀσκληπιάδου
1274 1606 1517 1659 Ἀσκληπιῷ

51 1684 201 1739 Ὑγεία
228 1700 275 1726 τε
310 1683 427 1737 δῶρον
458 1684 582 1732 αὐτὸς
623 1684 723 1737 ὑπὲρ
759 1687 832 1728 τοῦ
871 1684 957 1727 υἱοῦ
985 1684 1258 1738 Στρατονίκου
1284 1684 1409 1740 χάριν
1427 1720 1438 1734 ,
1474 1701 1516 1731 v,

53 1764 166 1810 Mus.
198 1763 338 1808 Rhen.
377 1765 508 1808 1836.
542 1779 589 1822 p.
619 1765 722 1807 420.
771 1764 970 1808 Eiusdem
1004 1767 1244 1824 argumenti
1275 1764 1422 1825 plures
1448 1782 1513 1810 ex-

52 1853 163 1888 stant
195 1844 491 1904 inscriptiones
534 1846 576 1887 in
611 1844 899 1903 Anthologiae
943 1845 1161 1889 Palatinae
1214 1846 1327 1890 libro
1373 1858 1514 1899 sexto,

55 1933 100 1968 ut
127 1924 211 1968 hoc
242 1923 537 1968 Theudoridae
578 1939 618 1968 c.
652 1927 752 1969 156.

170 2006 295 2059 Καλῷ
322 2006 396 2048 σὺν
427 2004 591 2056 τέττιγι
626 2003 855 2058 Χαρίξεινος
887 2005 1018 2058 τρίχα
1045 2006 1163 2055 τήνδε

292 2085 519 2139 κουρόσυνον
553 2086 670 2140 κούρη
701 2087 787 2135 θῆκ’
814 2085 1105 2139 Ἀμαρυνθιάδι

174 2166 246 2208 σὺν
274 2165 345 2217 βοῒ
371 2166 648 2219 χερνιφθέντα
668 2181 677 2189 ·
710 2166 813 2214 πάϊς
845 2166 879 2207 δ’
908 2166 993 2208 ἴσον
1015 2168 1158 2220 άστέρι
1184 2168 1376 2220 λάμπει,

295 2247 473 2288 πωλικὸν
503 2247 556 2294 ὤς
582 2244 707 2294 ἵππος
737 2249 863 2299 χνοῦν
891 2247 1235 2300 ἀποσεισάμενος.

8 2339 14 2345 ·
58 2328 130 2373 Vs.
159 2329 199 2371 1.
235 2326 366 2370 codex
398 2325 682 2381 Χαρισθένεος,
717 2326 833 2385 quod
862 2328 906 2371 in
937 2327 1096 2373 Suidae
1123 2329 1343 2374 codicibus
1373 2332 1517 2391 paullo

56 2408 180 2451 aliter
213 2409 419 2467 scriptum
453 2423 475 2449 a
507 2407 703 2451 lacobsio
728 2416 940 2452 mutatum
973 2418 1036 2453 est
1066 2411 1108 2454 in
1141 2410 1277 2465 Χάρης
1316 2414 1514 2463 Φενεεύς,

57 2505 80 2532 a
118 2489 334 2534 Meinekio
376 2505 420 2547 p.
456 2490 559 2532 224.
605 2490 649 2532 in
700 2488 836 2543 Χάρης
875 2490 1033 2540 Σθένιος
1074 2493 1140 2535 vel
1182 2493 1318 2548 Χάρης
1365 2494 1514 2539 Τένεω.

57 2568 165 2615 Mihi
191 2585 214 2613 a
249 2567 449 2613 ductibus
490 2569 686 2628 vulgatae
727 2569 862 2614 literis
902 2571 1144 2616 uncialibus
1181 2581 1374 2618 exaratae
1406 2575 1519 2619 nihil

58 2652 232 2710 propius
258 2650 403 2694 abesse
434 2650 602 2693 videtur
630 2665 756 2709 quam
787 2649 1041 2705 Χαρίξεινος,
1074 2653 1190 2712 quod
1221 2671 1376 2700 nomen
1405 2657 1519 2716 apud

59 2730 319 2790 Meleagrum
352 2730 405 2775 Δ.
429 2731 480 2775 Ρ.
503 2730 610 2782 Vss,
637 2731 739 2775 468.
767 2734 808 2776 1.
872 2732 942 2775 Vs.
970 2735 1014 2786 2.
1048 2734 1291 2780 emendavi:
1326 2736 1518 2794 κούρη-

60 2811 362 2866 Ἀμαρυνθιάδι.
429 2811 597 2856 Codex:
632 2812 1194 2870 κούραις-Ἀμαρυνθιάσι.
1227 2817 1360 2861 Diana
1394 2819 1519 2862 intel-

63 2891 254 2951 ligenda,
291 2909 329 2940 v,
366 2894 501 2953 Epist.
538 2893 647 2939 crit.
682 2894 839 2941 Philol.
877 2898 1005 2943 1850.
1033 2913 1077 2956 p.
1108 2899 1210 2943 474.
1278 2899 1347 2945 Vs.
1382 2903 1421 2944 4.
1459 2901 1520 2944 vi-
