1794 3412
925 243 1157 282 -58-

315 363 428 405 vium
470 360 520 403 ad
558 361 674 417 Virg.
718 359 809 403 Ecl.
839 360 964 411 v111,
1005 364 1076 405 68.
1134 361 1264 404 »Alii
1297 361 1408 404 hunc
1443 362 1640 421 Daphnin
1679 362 1750 404 Pi·

311 442 449 500 pleam
485 454 638 482 amasse
663 438 842 490 dicum,
887 453 1011 497 quam
1039 455 1169 498 quum
1208 455 1228 481 a
1271 440 1549 497 praedonibus
1587 448 1748 498 raptam

315 518 502 576 Daphnis
527 531 602 574 per
627 525 762 559 totum
789 517 932 560 orbem
960 519 1186 575 quaesisset
1217 519 1523 579 invenissetque
1547 521 1590 563 in
1613 519 1748 577 Phry-

313 598 376 654 gia
401 596 510 654 apud
545 596 777 653 Lytiersem
807 611 946 654 regern
975 598 1249 646 servientem,
1282 599 1356 656 qui
1384 598 1462 641 hac
1491 599 1580 657 lege
1604 600 1647 641 in
1674 600 1748 640 ad-

312 690 435 718 venas
459 674 698 724 saeviebat,
733 683 779 716 ut
806 690 936 732 quum
964 676 1117 718 multas
1147 686 1303 734 segetes
1330 676 1528 727 haberet,
1561 679 1750 736 peregri-

314 769 388 797 nos
429 753 697 796 advenientes
735 768 877 804 seeum
908 763 1064 798 metere
1102 756 1285 807 faceret,
1332 757 1546 814 victosque
1586 755 1749 798 iuberet

313 831 478 877 occidi.
522 832 724 874 Hercules
761 833 981 875 miseratus
1013 833 1246 891 Daphnidis
1284 836 1406 878 venit'
1433 835 1481 877 ad
1522 849 1667 892 segem
1708 843 1748 876 et

312 911 455 956 audita
484 911 727 954 conditione
767 912 1003 954 certaminis
1044 912 1194 956 falcem
1228 912 1277 955 ad
1307 913 1548 956 metendum
1583 914 1748 971 accepit
1781 942 1782 945 ,

312 1005 444 1049 eaque
470 991 555 1048 regi
579 998 705 1049 caput
741 992 990 1049 amputavit.
1052 992 1117 1034 lta
1145 991 1342 1051 Daphnin
1369 1007 1391 1034 a
1419 993 1610 1050 periculo
1640 992 1749 1034 libe·

314 1070 422 1113 ravit
446 1073 486 1111 et
510 1069 546 1111 ei
574 1068 763 1126 Pipleum
789 1069 1028 1127 Nympham
1047 1103 1061 1123 ‚
1092 1085 1218 1128 quam
1250 1070 1320 1112 elii
1354 1071 1544 1113 Thaliam
1573 1071 1748 1121 dicunt,

312 1147 525 1198 reddidit,
559 1148 714 1206 quibus
745 1147 854 1190 dotis
881 1149 1052 1191 nomine
1081 1149 1217 1191 aulam
1250 1152 1420 1207 qnoque
1453 1150 1608 1208 regiam
1647 1163 1747 1192 con-

312 1227 508 1277 donavit,
555 1227 675 1270 ferali
717 1230 865 1285 sopito
903 1227 1087 1278 metendi
1130 1229 1365 1272 carmine.”
1435 1229 1484 1272 In
1528 1229 1747 1286 quoloco

313 1308 462 1351 lacuna
488 1314 550 1350 est
574 1315 668 1365 post
694 1307 890 1350 verbum:
926 1308 1193 1351 condonavit.
1243 1308 1297 1350 Et
1325 1323 1403 1366 pro
1421 1311 1570 1365 sopito
1588 1341 1599 1360 ‚
1635 1308 1747 1367 quod

313 1395 561 1446 corruptum
580 1419 592 1438 ,
625 1386 894 1429 scribendum
919 1395 1009 1431 est:
1043 1387 1164 1430 ferali
1188 1387 1434 1445 composito
1450 1388 1635 1430 metendi
1660 1391 1748 1429 car·

313 1468 441 1510 mine.
503 1467 558 1509 Et
593 1473 708 1507 recto
733 1464 972 1508 Herodotus
1007 1466 1263 1509 Graecorum
1292 1466 1443 1509 Linum
1475 1467 1747 1523 comparavit.

313 1545 437 1590 Unde
468 1544 669 1603 querulus
692 1552 867 1588 cantus:
901 1545 1020 1592 Λίνος
1036 1543 1223 1593 Λῖλινος,
1259 1559 1385 1602 quem
1417 1544 1622 1589 Οἰτόλινον
1646 1545 1750 1588 dixit

316 1623 529 1682 Pamphus
571 1623 682 1681 opud
727 1623 852 1668 Paus.
882 1623 943 1666 IX
966 1655 976 1674 ,
1010 1625 1082 1668 29.
1115 1624 1158 1667 3.
1207 1623 1320 1681 quod
1358 1623 1408 1665 ad
1446 1624 1614 1669 Adonin
1653 1633 1750 1683 apte

314 1703 530 1748 transtulit
545 1702 734 1761 SapphO.
769 1702 989 1760 Significat
1015 1702 1144 1759 igitur
1172 1702 1363 1750 iuvenem
1389 1702 1611 1748 immatura
1635 1718 1748 1745 mor-

314 1793 356 1827 te
380 1790 648 1842 praereptum
665 1814 676 1832 ,
710 1792 756 1823 ut
784 1783 976 1825 iuvenem
1006 1790 1221 1825 mortuum
1246 1781 1383 1824 verbis
1413 1781 1610 1832 αἱνόλινε,
1645 1798 1748 1835 τρις,

314 1862 416 1917 daps
443 1862 650 1904 allocutus
687 1868 749 1902 est
792 1859 1077 1902 Theudoridas
1123 1861 1174 1904 Α.
1205 1861 1254 1904 Ρ.
1285 1861 1393 1910 VII,
1428 1863 1606 1905 527.-⁷3.
1667 1861 1749 1905 Sed

315 1943 428 1985 hunc
462 1949 631 1984 cantum
652 1972 663 1990 ‚
697 1938 749 1982 de
786 1954 870 1997 quo
907 1938 1052 1983 Schol.
1087 1939 1214 1982 Hom.
1249 1939 1301 1982 ΙΙ.
1333 1939 1509 1991 XVIII,
1546 1942 1647 1986 570.
1676 1941 1748 1990 τὴν

314 2021 380 2065 ἐπὶ
408 2021 515 2074 Λίνῳ
545 2020 601 2073 τῷ
627 2017 884 2066 ’Λπόλλωνος
912 2018 1024 2060 παιδὶ
1054 2018 1152 2071 ᾠδὴν
1175 2016 1256 2060 ὄντι
1284 2019 1408 2071 νηπίῳ
1436 2018 1504 2060 καὶ
1529 2019 1604 2061 ὑπὸ
1628 2023 1749 2061 κυνῶν

314 2102 550 2153 ποιμενικῶν
574 2096 861 2141 διασπασθέντι
886 2098 1042 2150 πρώτην
1068 2098 1261 2151 ᾀσθεῖσοιν
1277 2128 1290 2145 ,
1326 2097 1434 2140 male
1464 2097 1643 2155 intelligi
1670 2113 1749 2156 pu-

316 2189 458 2225 tarunt
487 2179 539 2221 ab
566 2178 751 2221 Homero
780 2177 871 2235 ipso
898 2175 1043 2218 Iliadis
1075 2175 1105 2219 l.
1135 2190 1173 2218 c.

430 2261 556 2301 ’τοῖσιν
580 2255 615 2298 δ’
642 2256 682 2297 ἐν
708 2254 891 2307 μέσσοισι
916 2253 1016 2303 πάϊς
1043 2254 1248 2309 φόρμιγγι
1276 2255 1411 2308 λιγείῃ

431 2335 586 2390 ἱμερόεν
618 2334 819 2388 κιθάριζε,
854 2334 959 2377 λίνον
990 2334 1024 2376 δ’
1056 2334 1132 2376 ὑπὸ
1159 2335 1283 2376 καλὸν
1310 2332 1439 2376 ἄειδεν

429 2414 643 2470 λεπταλέῃ
671 2418 800 2469 φωνῇ.

315 2498 374 2541 Ex
402 2496 586 2540 versibus
614 2495 726 2538 enim
757 2493 899 2536 Ovidii
923 2493 974 2535 de
1007 2491 1165 2551 Orphei
1199 2500 1342 2549 patre:

432 2575 612 2620 Aelinon
639 2575 681 2616 in
711 2572 835 2629 sylvis
862 2571 971 2614 idem
1003 2580 1121 2629 pater
1151 2570 1331 2613 Aelinon
1363 2570 1456 2611 altis

491 2653 646 2697 dicitur
675 2654 824 2694 invita
853 2651 1112 2694 concinuisse
1144 2650 1250 2705 lyra
1273 2680 1282 2698 ,

315 2751 417 2794 quos
444 2749 592 2794 parum
626 2740 739 2776 recte
782 2732 1077 2789 interpretatos
1110 2727 1227 2770 video
1258 2728 1364 2769 viros
1395 2726 1564 2777 doctos,
1599 2729 1741 2785 sequi*
1792 2759 1794 2781 ;

316 2825 381 2857 tur
414 2814 525 2871 lyrae
555 2812 699 2856 modos
732 2827 751 2853 a
784 2819 905 2853 cantu
939 2808 1070 2852 flebili
1109 2808 1264 2849 alienos
1313 2822 1411 2851 esse.
1475 2806 1536 2849 Ita
1579 2806 1744 2864 Sopho·
