1794 3412
956 283 1012 288 --
1047 262 1187 299 5d...

351 378 423 436 ,καὶ
457 380 511 421 τοὶ
545 378 720 420 Ἡσιόδου
751 378 817 420 καὶ
848 379 1126 431 Ἀρχιλόχου,
1171 380 1228 422 ἔτι
1263 381 1301 422 δὲ
1336 380 1572 432 Μιμνέρμου
1604 379 1671 420 καὶ
1703 386 1786 422 Φω-

354 459 526 501 κυλίδου.
573 457 748 513 Propter
769 456 882 499 hunc
905 460 1166 514 potissimum
1188 459 1241 499 ab
1267 458 1514 501 Mimnermo
1544 459 1794 502 institutum

354 551 511 578 morem
555 537 787 592 putaverim
831 535 1007 578 alterum
1053 551 1182 594 genus
1228 537 1509 594 elegiacorum
1552 537 1793 580 carminum

353 612 590 670 neglectum
621 613 807 657 iacuisse.
871 613 980 656 Hinc
1005 615 1128 656 nobis
1159 615 1373 657 lustranda
1398 625 1657 658 caeterorum
1683 631 1794 673 poe-2

354 702 488 736 tarum
532 703 639 749 quae
677 692 874 750 equidem
915 703 1141 736 memorata
1182 695 1321 737 inveni
1363 696 1548 737 carmina
1588 695 1784 751 elegiaca.

352 771 407 814 Et
436 771 620 827 primum
650 770 820 828 quidem
851 771 963 828 quod
1005 772 1152 829 scripsi
1179 773 1222 815 in
1265 774 1454 832 Epistola
1497 773 1653 817 Critica
1681 771 1784 814 Phi-v

349 848 478 906 Iolog.
511 851 622 893 1850
662 862 708 908 p.
737 852 840 894 473.
887 850 1144 908 Theognidis
1172 853 1359 911 Elegiam
1392 855 1449 901 εἷς
1476 853 1569 900 τοὺς
1597 851 1785 902 ἦσσηθένή

349 944 426 976 τας
456 932 533 971 τῶν
565 930 815 982 Συρακοσίων
853 931 893 971 ἐν
919 935 971 983 τῇ
1008 932 1217 986 πολιορκία
1260 932 1387 974 fuisse
1431 947 1597 975 carmen
1645 930 1786 974 flebile

352 1016 394 1050 et
418 1007 603 1065 ,lugubre
622 1040 634 1060 ,
682 1007 726 1051 id
755 1000 863 1050 mihi
894 1023 1006 1051 nune
1037 1025 1083 1053 re
1115 1010 1359 1068 diligentius
1403 1012 1609 1069 pensitata
1637 1023 1785 1067 parum

347 1085 513 1132 videtur
535 1086 771 1145 probabile.
803 1087 951 1130 Putem
969 1088 1079 1130 enim
1101 1097 1270 1146 poetam
1297 1088 1560 1131 devictorum
1585 1088 1782 1131 virtutem

347 1165 578 1211 celebrasse
610 1168 652 1208 in
680 1167 769 1224 ipsa
803 1165 921 1208 clade
950 1175 993 1209 et
1023 1167 1149 1210 caede
1192 1169 1461 1225 conspicuam
1482 1199 1494 1218 ‚
1529 1176 1575 1210 ut
1598 1167 1785 1210 Simoni-v

347 1244 419 1287 des
449 1246 523 1293 τὴν
554 1245 595 1286 ἐν
625 1249 836 1296 Σαλαμῖνι
876 1245 1119 1297 ναυμαχίαν
1162 1246 1317 1288 cecinit
1357 1246 1540 1287 carmine
1580 1245 1783 1303 elegiacos

346 1323 586 1380 Utrumque
616 1331 730 1365 certe
759 1337 926 1365 carmen
958 1322 1008 1364 ad
1047 1323 1263 1381 publicam
1306 1331 1465 1382 spectat
1505 1323 1783 1367 calamitatem

346 1409 419 1444 aut
458 1402 695 1445 victoriam.
758 1400 957 1459 Aeschyli
999 1401 1110 1444 haud
1143 1402 1272 1447 dubie
1308 1411 1370 1445 est
1412 1403 1697 1461 epigramma,
1730 1401 1794 1446 de'

345 1479 668 1538 quotraditum
708 1488 838 1522 exstat
875 1481 919 1522 in
951 1481 1048 1522 Vita
1091 1480 1288 1538 Aeschyli
1333 1497 1378 1538 p.
1408 1480 1510 1523 XIV
1540 1480 1609 1525 ed.
1654 1480 1783 1525 Dind.

344 1558 488 1616 Biogr.
522 1558 597 1601 Gr.
631 1572 676 1614 p.
709 1560 807 1602 119.
840 1560 911 1600 44.
956 1559 1026 1600 ὑπ’
1058 1558 1276 1607 Ἀθηναίων
1307 1558 1683 1607 κατασπουδασθεὶς
1715 1559 1784 1602 καὶ

344 1637 528 1687 ἡσσηθεὶς
555 1636 625 1690 νέῳ
650 1636 731 1680 ὄντι
762 1638 817 1690 τῷ
845 1640 1076 1691 Σοφοκλεῖ,
1111 1638 1223 1680 κατα
1250 1638 1284 1680 δ’
1311 1639 1431 1686 ἐνίους
1459 1640 1499 1680 ἐν
1525 1640 1580 1692 τῷ
1607 1640 1662 1687 εἷς
1689 1639 1783 1686 τοὺς

344 1717 384 1758 ἐν
423 1717 638 1769 Μαραθῶνι
669 1716 911 1764 τεθνηκότας
950 1716 1116 1769 ἐλεγείῳ
1149 1716 1333 1766 ἡσσηθεὶς
1371 1717 1595 1772 Σιμωνίδη·
1626 1718 1672 1759 τὸ
1699 1718 1783 1770 γὰρ

343 1796 524 1846 ἐλεγεῖον
562 1795 667 1837 πολὺ
709 1800 781 1844 τῆς
823 1794 911 1847 περὶ
951 1795 997 1836 τὸ
1039 1796 1250 1845 συμπαθὲς
1289 1795 1540 1843 λεπτότητος
1585 1795 1781 1848 μετέχειν

345 1874 478 1922 θέλει,
504 1871 531 1915 πὸ
562 1877 631 1916 τοῦ
661 1873 900 1925 Αἰσχύλου,
934 1875 984 1920 ὡς
1013 1872 1200 1927 ἔφαμεν,
1235 1874 1344 1916 ἐστὶν
1367 1874 1592 1927 ἀλλότριον.
1658 1873 1780 1930 Quod

343 1969 365 1995 a
399 1953 627 1996 Welckero
657 1953 739 1994 iam
782 1951 1115 1994 animadversum
1157 1967 1304 2009 parum
1350 1954 1529 2011 respexit
1575 1952 1780 2009 Bergkius

344 2034 418 2090 qui
461 2031 542 2073 hoc
568 2030 855 2073 testimonium
894 2030 944 2072 ad
981 2030 1208 2073 Simonidis
1247 2031 1398 2090 elegias
1439 2032 1590 2082 traxit,
1635 2031 1778 2088 Lyric.

342 2127 386 2170 p.
424 2113 506 2153 771
551 2126 614 2167 sq.
687 2110 911 2152 verissime
953 2125 1122 2170 quoque
1163 2110 1273 2153 idem
1317 2111 1569 2153 Welckerus
1613 2110 1777 2168 Syllog-

341 2208 385 2250 p.
418 2193 516 2234 145.
551 2190 602 2232 ad
628 2188 827 2246 Aeschyli
867 2190 1166 2247 epigrammata
1196 2191 1342 2232 retulit
1361 2190 1500 2237 ,Plut.
1545 2189 1691 2248 Symp.
1722 2190 1743 2232 I
1764 2212 1781 2240 ,’

344 2273 414 2315 10.
448 2274 493 2314 3.
553 2269 760 2317 Γλαυκίας
792 2269 833 2310 δὲ
864 2269 882 2310 ὃ
908 2270 1032 2323 ῥήτωρ
1064 2269 1131 2311 καὶ
1159 2271 1205 2312 τὸ
1236 2268 1361 2319 δεξιὸν
1393 2270 1509 2322 κέρας
1540 2269 1780 2317 Αἰαντίδαις

340 2355 414 2398 τῆς
445 2350 486 2390 ἐν
516 2349 731 2401 Μαραθῶνι
763 2346 1033 2400 παρατάξεως
1065 2348 1304 2397 ἀποδοθῆναι
1335 2353 1454 2396 ταῖς
1492 2347 1780 2405 Αἰσχύλου

340 2430 433 2478 την
477 2427 734 2479 μεθορίαν
774 2426 1060 2476 ἐλεγείαις
1108 2428 1351 2475 ἐπιστοῦτο,
1401 2426 1672 2478 ἠγωνισμένου
1701 2428 1775 2475 τὴν

340 2501 487 2560 μάχην
527 2506 678 2554 ἐκείνην
715 2505 938 2558 ἐπιφανῶς.
1002 2505 1087 2550 Ubi
1127 2504 1341 2562 Xylander
1383 2506 1465 2548 iam
1509 2504 1772 2550 emendavit:

339 2592 423 2634 τοῖς
442 2585 659 2636 ἐλεγείοις.
707 2583 797 2627 Nisi
824 2584 974 2629 malis:
1006 2585 1062 2637 τῷ
1086 2585 1266 2638 ἐλεγείῳ.
1313 2586 1531 2628 Praeterea
1560 2585 1794 2642 corrigenw

341 2668 440 2709 dum
471 2680 557 2709 esse
587 2664 779 2710 conieci:
822 2669 904 2712 τοῖς
936 2664 1150 2716 Αἰσχύλου
1180 2665 1235 2711 εἷς
1266 2664 1312 2705 τὸ
1342 2663 1516 2717 μεθόριον
1546 2664 1769 2714 ἐλεγείοις,

340 2749 370 2791 i.
401 2762 439 2790 e.
472 2746 514 2788 in
551 2745 847 2803 epigrammate
886 2739 1089 2802 inscripto
1128 2743 1306 2786 termino
1342 2758 1426 2801 quo
1470 2743 1769 2790 Aeantidarum

344 2826 475 2868 tribus
505 2842 524 2868 a
555 2824 665 2868 tribu
704 2825 965 2867 contermina
1006 2823 1312 2881 seiungebatur.
1376 2823 1508 2865 Possis
1541 2823 1691 2868 etiam:
1728 2825 1794 2864 ἐν
