1794 3412
941 265 1175 303 „50-

334 384 488 434 diserta
532 387 761 442 requiritur
789 386 945 428 mentio
967 418 976 435 ,
1023 399 1160 443 neque
1193 384 1371 427 multum
1402 386 1542 442 placet
1581 386 1760 429 otiosum

334 465 544 513 Ἕλλησιν.
582 464 797 521 Corrigam
838 464 993 521 igitur:
1029 466 1227 507 αὐλοῖσι
1255 464 1501 518 προςᾴδωυ
1533 463 1666 515 μέλεα
1690 462 1759 508 καὶ

333 544 521 593 ἐλέγους,
542 550 588 584 ut
605 541 878 597 προςᾳδόμενα
895 543 1065 592 ἐλεγεῖα
1082 541 1190 600 apud
1206 542 1451 586 Pausaniam
1466 575 1478 594 ,
1493 543 1556 589 vel
1574 543 1735 598 ὑπᾴδων
1748 573 1760 593 ,

335 630 381 663 ut
405 623 544 668 αὐλοῖς
561 621 728 676 ὑπᾴδειν
756 622 993 679 oppositum
1034 621 1086 664 sit
1115 620 1242 664 verbo
1271 621 1482 666 ὑπαυλεῒν.
1516 619 1794 674 Praevalen-i}

335 701 446 743 tibus
474 701 587 743 enim
619 702 801 745 musicae
834 700 970 746 modis
1003 701 1082 758 ipsi
1111 715 1250 744 versus
1292 701 1433 744 cantui
1464 700 1762 749 inserviebant.

334 779 416 823 Sed
434 781 522 837 ipsa
539 781 792 838 pentametri
812 780 934 822 verba
963 795 1044 821 non
1075 787 1268 837 praesto,
1301 793 1466 822 sensum
1496 793 1620 836 quem
1639 778 1764 822 unice

333 858 529 904 idoneum
568 869 672 918 puto
715 860 943 903 restituisse
980 866 1217 902 contentus.
1279 859 1494 902 Praeterea
1538 858 1688 901 haereo
1720 858 1764 900 in

333 937 500 982 verbis:
544 937 699 989 μελέτη
730 954 776 980 τε
804 936 847 987 ἦν
888 939 1021 980 αὐλῶν
1051 937 1108 979 τοὶ
1137 936 1456 990 σκυθρωπότατα
1489 937 1558 979 καὶ
1596 938 1765 988 ἐλεγεῖα

329 1017 400 1063 καὶ
428 1018 549 1070 θρῆνοι
572 1016 847 1072 προςᾳδόμενα
873 1021 956 1065 τοῖς
983 1018 1154 1064 αὐλοῖς;
1187 1031 1270 1058 non
1288 1017 1399 1059 enim
1417 1016 1608 1073 intelligo
1636 1029 1767 1073 quae·-

334 1111 428 1138 nam
456 1111 542 1140 esse
568 1098 783 1154 potuerint
815 1095 940 1139 tibiae
979 1096 1166 1138 tetricae.
1232 1093 1536 1151 Corrigendum
1568 1093 1765 1137 videtur*

332 1174 486 1224 μελέτη
513 1191 560 1217 τε
587 1173 631 1224 ἦν
657 1177 791 1219 αὐλῶν
821 1173 889 1217 καὶ
913 1174 969 1217 τοὶ
996 1172 1313 1227 σκυθρωπότατα
1342 1173 1512 1224 ἐλεγεῖα
1541 1173 1609 1215 καὶ
1640 1173 1766 1226 θρῆνοι.

333 1253 608 1307 προςαδόμενα
634 1258 717 1301 τοῖς
748 1254 903 1300 αὐλοῖς.
969 1252 1173 1295 Videntur
1213 1253 1323 1295 enim
1363 1251 1543 1310 intelligi
1582 1252 1766 1295 carmina

333 1332 513 1389 elegiaca
540 1333 828 1389 antiquiorum
855 1339 951 1374 ante
977 1332 1276 1374 Mimnermum
1307 1339 1527 1389 poetarum
1561 1331 1646 1373 sive
1674 1329 1766 1373 bel-

332 1411 415 1455 lica
444 1419 488 1455 et
515 1411 689 1455 Martem
717 1411 916 1468 spirantia
945 1412 1030 1453 sive
1051 1419 1211 1453 austera
1237 1419 1280 1453 et
1307 1411 1498 1467 gnomica
1518 1443 1527 1461 ‚
1563 1411 1596 1452 si
1623 1425 1767 1452 revera

333 1490 552 1532 Pausanias
601 1504 649 1531 ex
700 1489 782 1531 alio
824 1490 940 1531 fonte
982 1503 1106 1545 quam
1145 1503 1193 1530 ex
1240 1489 1319 1530 hac
1359 1490 1448 1546 ipsa
1491 1489 1767 1545 inscriptione

333 1566 452 1608 duxit
481 1581 587 1623 quae
619 1566 671 1608 de
700 1565 780 1607 hoc
811 1566 1082 1608 auloedorum
1113 1566 1339 1609 certamine
1371 1568 1414 1609 in
1446 1567 1556 1609 ludis
1582 1565 1769 1624 Pythicis

334 1644 525 1688 tradidit.
592 1645 651 1687 De
690 1659 775 1702 quo
811 1644 962 1687 dubito
1000 1653 1174 1703 propter
1215 1647 1347 1704 ipsius
1388 1646 1540 1689 verba:
1572 1651 1772 1699 μαρτυρεῖ

333 1725 374 1766 δέ
405 1740 471 1775 μοι
511 1725 624 1771 κτὲ.,
660 1733 706 1768 ut
744 1724 832 1767 fere
861 1732 1020 1767 certum
1055 1725 1242 1767 videatur
1271 1726 1511 1768 Pausaniam
1542 1726 1679 1767 verbis
1709 1725 1766 1767 τοὶ

334 1802 652 1855 σκυθρωπότατα
689 1804 858 1852 ἐλεγεῖα
898 1803 1156 1855 καὶ·θρῆνοι,
1205 1804 1431 1846 reddidisse
1483 1804 1768 1862 inscriptionis

337 1882 460 1925 verba
480 1899 490 1926 e
524 1882 659 1933 μέλεα
680 1882 748 1924 καὶ
767 1882 932 1932 ἐλέγους
946 1914 957 1930 ,
993 1897 1100 1939 quae
1117 1883 1352 1940 significant
1376 1884 1482 1934 μέλη
1500 1883 1568 1925 καὶ
1596 1884 1765 1934 ἐλεγεῖα

334 1961 706 2013 μεμελοποιημένα.
742 1961 853 2003 Hinc
869 1961 1033 2003 efficere
1056 1961 1157 2004 licet
1182 1962 1426 2004 Pausaniam
1456 1977 1503 2004 ex
1526 1952 1769 2005 coniectu-ra

336 2041 544 2097 scripsisse
570 2038 651 2082 hoo
678 2048 888 2082 certarnen
914 2039 1120 2082 abolitum
1161 2055 1246 2083 esse
1277 2049 1348 2083 aut
1375 2040 1623 2083 obsolevisse
1654 2040 1768 2098 quod

337 2120 520 2163 carmina
545 2127 710 2162 cantata
749 2117 896 2160 auditu
923 2119 1060 2160 minus
1096 2128 1230 2161 essent
1260 2120 1457 2163 iucunda.
1525 2120 1639 2174 Quae
1674 2133 1769 2162 sen·

339 2199 475 2242 tentia
512 2196 617 2240 mihi
657 2211 734 2254 pro
765 2206 883 2254 parte
928 2205 1088 2239 tantum
1120 2212 1214 2239 vera
1245 2198 1439 2247 videtur,
1483 2206 1525 2240 et
1568 2197 1680 2240 aliud
1703 2198 1765 2240 in·-

339 2292 462 2336 super
506 2275 813 2333 respiciendum
859 2285 979 2333 puto.
1060 2277 1280 2319 Poetarum
1329 2277 1605 2334 elegiacorum
1626 2309 1637 2328 ,
1686 2277 1769 2320 Ar-

338 2355 552 2404 chilochi,
588 2354 772 2406 Callini,
804 2355 971 2412 Tyrtaei
1000 2357 1183 2398 carmina
1215 2363 1423 2413 segregata
1454 2356 1578 2398 fuisse
1615 2355 1766 2398 viden-

340 2445 408 2478 tur
451 2451 473 2478 a
513 2436 642 2478 tibiae
681 2434 844 2484 modis,
890 2450 984 2477 narn
1030 2434 1275 2478 Archilochi
1313 2435 1439 2477 verba
1471 2435 1581 2493 apud
1619 2433 1765 2479 Schol.

338 2516 415 2560 Ar.
448 2515 526 2558 AV.
563 2516 689 2558 1426.

694 2593 797 2647 ᾄδων
826 2594 897 2635 ὑπ’
924 2597 1146 2647 αὐλητῆρος

339 2675 428 2716 sine
464 2672 612 2717 idonea
647 2687 767 2714 causa
806 2673 854 2714 ad
892 2672 1127 2731 elegiacum,
1158 2687 1323 2715 carmen
1361 2672 1506 2714 retulit
1541 2671 1767 2715 Muellerus

336 2753 446 2797 Hist.
477 2753 564 2796 Lit.
599 2752 675 2796 Gr.
705 2759 737 2795 t.
767 2751 803 2795 Ι.
836 2767 881 2809 p.
911 2753 992 2794 189
1025 2761 1113 2796 not.
1142 2755 1180 2795 1.
1245 2752 1305 2794 De
1339 2752 1518 2808 Tyrtaeo
1556 2751 1669 2809 quod
1706 2752 1767 2794 le-

339 2833 449 2888 gitur
490 2831 598 2890 apud
627 2831 826 2876 Suidam:
863 2833 1127 2883 ἐλεγειοποιὸς
1165 2831 1231 2874 noc}
1272 2832 1538 2880 αὐλητὴς,
1574 2829 1613 2873 ὃν
1644 2831 1765 2883 λόγος
