1794 3412
922 284 1186 324 -212—

339 408 482 451 Omnia
527 407 651 463 igitur
695 404 772 446 sibi
820 404 868 446 ad
909 406 1110 447 amasium
1153 405 1394 462 properanti
1435 404 1601 447 adversa
1645 402 1771 444 fuisse

333 487 484 531 scribit
520 492 641 541 poeta
664 517 673 533 ‚
707 483 921 541 pluviam,
966 491 1132 526 noctem
1164 483 1410 532 obscuram,
1443 490 1611 525 ventum
1645 479 1772 522 vehe-

336 564 515 606 mentem
542 595 552 613 ‚
583 561 706 613 ’μέθην
739 576 852 604 suam
882 570 923 603 et
954 560 1110 620 plateas
1140 560 1256 603 urbis
1285 548 1431 618 parum
1462 575 1485 602 a
1511 559 1675 602 furibus
1711 558 1772 600 la-

328 642 611 699 tronibusque
637 648 760 683 tutas.
809 639 1064 698 Corruptum
1083 640 1219 697 ,igitur
1247 637 1358 680 haud
1385 637 1512 680 dubie
1541 638 1671 691 τρίτον
1700 645 1772 679 aut

335 721 380 763 τὸ
409 720 554 773 τρίτον.
616 721 676 762 Ex
705 719 783 761 hac
813 727 952 762 autem
983 718 1177 761 carminis
1205 717 1552 774 interpretatione
1579 717 1772 774 sequitur

332 798 490 850 ε’βόησοι
523 814 580 843 vs.
608 803 646 842 5.
683 799 852 841 omnino
875 798 1057 841 alienum
1084 812 1170 840 esse
1196 805 1238 840 et
1265 795 1512 838 mutandum
1542 796 1583 837 in
1608 793 1769 846 ἐβόησε.

334 878 568 921 Posteriora
593 878 720 935 igitur
750 877 925 920 disticha
958 877 1015 919 ita
1050 875 1312 919 informanda
1340 883 1474 933 puto:

446 957 547 999 ἀλλ’
569 957 588 998 ὅ
613 956 740 1004 καλὸς
768 955 927 1008 μόσχος
954 955 1076 998 πλέον
1103 954 1225 1007 ἴσχυε
1252 969 1321 995 κοιι
1355 969 1383 994 »
1399 953 1450 995 σὺ
1479 952 1562 1004 γὰρ
1588 949 1710 998 οὕτως

568 1035 709 1084 ἤλυθες
740 1034 826 1077 οὐδὲ
852 1033 968 1087 θύρην
998 1033 1094 1086 πρὸς
1126 1032 1226 1084 μίαν
1255 1028 1476 1083 ἡσυχάσας

451 1114 547 1169 τῇδε
562 1138 622 1146 —-
635 1114 794 1156 τοσοῦτ’
820 1111 967 1164 ἐβόησε
984 1136 1043 1144 —-
1057 1109 1338 1164 βεβρεγμένος
1353 1123 1364 1134 ·
1394 1107 1494 1162 ἄχρι
1511 1107 1615 1156 τίνος
1632 1109 1739 1169 Ζεῦις

569 1195 648 1235 Ζεῦ
678 1191 810 1246 Φίλε,
843 1191 998 1242 σιγῆσω
1016 1222 1028 1238 ,
1060 1188 1209 1237 καύτὸς
1235 1188 1328 1240 ε’ρᾶν
1361 1185 1522 1238 ἔμαθες.

335 1270 488 1314 Omnia
519 1271 632 1314 enim
663 1270 830 1313 adversa
858 1283 1005 1328 parum
1034 1267 1196 1310 curavit
1221 1273 1351 1329 ‘poeta
1380 1264 1500 1322 pueri
1532 1262 1768 1315 desiderio,

334 1358 376 1392 et
413 1364 518 1408 puer
561 1347 642 1391 hoc
687 1349 864 1390 miratus
909 1345 1173 1389 exclamavit.
1239 1343 1348 1385 »Tu
1385 1342 1528 1400 pluvia
1581 1341 1773 1385 madidus

335 1428 451 1471 nulla
477 1442 591 1470 mora
621 1427 774 1468 iniecta
805 1424 890 1467 huc
915 1424 1095 1474 venisti,
1133 1435 1352 1479 quousque
1378 1420 1546 1462 tandem
1571 1419 1770 1478 Iupiter?

335 1507 495 1565 Iupiter
522 1513 707 1554 taceam,
747 1511 792 1545 tu
825 1511 867 1545 et
895 1503 984 1560 ipse
1016 1499 1211 1543 amastin·
1273 1496 1448 1540 Scilicet
1477 1498 1651 1540 amasius
1679 1497 1772 1555 plu-

335 1601 378 1627 ra
418 1584 608 1628 dicturus
647 1591 738 1627 erat
780 1582 833 1626 de
868 1584 907 1627 vi
945 1580 1098 1623 amoris
1142 1579 1182 1621 in
1230 1576 1421 1621 homines
1467 1577 1648 1634 insigni,
1699 1591 1775 1635 per

335 1679 461 1723 quam
491 1661 679 1722 pericula
707 1661 823 1704 nihilv
843 1668 1088 1709 morantur,
1121 1656 1192 1701 sed
1217 1655 1598 1703 Iovem'allocutus
1626 1655 1774 1698 melius

335 1743 438 1787 haec
469 1744 596 1786 taceri
626 1749 827 1800 reputat,
859 1739 970 1782 dicta
997 1739 1158 1797 quippe
1187 1736 1237 1778 ad
1265 1735 1552 1778 de'um‘unum
1586 1735 1772 1776 omnium

334 1822 460 1865 huius
493 1821 554 1864 rei
596 1835 770 1878 gnarum
811 1819 1049 1876 amorisque
1090 1817 1171 1859 vim
1204 1816 1438 1873 expertum.
1502 1812 1771 1856 Emendatio-

334 1917 428 1945 nem
458 1901 582 1959 plane
613 1899 754 1941 firmet
781 1896 1043 1939 simillimum
1076 1898 1331 1952 epigramma
1360 1890 1610 1935 Callimachi
1643 1890 1697 1935 A.
1722 1891 1770 1935 P.

336 1981 435 2024 XII.
470 1982 573 2022 230.

449 2059 517 2101 τὸν
542 2057 589 2100 τὸ
620 2056 745 2099 καλὸν
775 2055 1036 2106 μελανεῦντοι
1063 2050 1272 2105 Θεόκριτον
1289 2084 1301 2102 ,
1330 2051 1364 2093 εἰ
1396 2051 1470 2101 μὲν
1501 2047 1568 2101 ἔμ’
1596 2046 1706 2100 ἔχθει

567 2133 732 2189 ’τετράκι
764 2133 921 2186 μισοίης
939 2164 950 2182 ,
981 2132 1014 2174 εἰ
1046 2131 1087 2173 δὲ
1117 2134 1239 2185 φιλεῖ
1265 2128 1423 2183 φιλέοις
1444 2142 1454 2152 ·

449 2213 564 2268 vaux>
596 2214 692 2267 πρὸς
719 2211 923 2265 εὐχαίτεω
953 2208 1237 2261 Γανυμήδεος,
1270 2205 1423 2260 οὖροένιε
1451 2208 1558 2255 Ζεῦ,

568 2292 636 2334 καὶ
669 2290 719 2333 σύ
751 2290 843 2332 ποτ’
874 2287 1070 2342 ἠράσθης,
1103 2286 1235 2330 οὐκέτι
1267 2285 1409 2338 μακροὶ
1439 2283 1565 2334 λέγω.
1757 2323 1760 2326 ,

332 2377 494 2419 Futuro
531 2372 688 2423 σιγήσω
721 2375 899 2411 utuntur
932 2366 1103 2409 Archias
1141 2367 1191 2408 Α.
1225 2365 1273 2408 P.
1306 2364 1367 2408 IX
1388 2396 1397 2413 ,
1432 2365 1505 2406 27.
1542 2365 1583 2406 4.
1631 2362 1771 2406 Noun.

333 2455 462 2498 Dion.
487 2453 541 2495 V.
572 2453 674 2494 497.
707 2447 903 2504 idemque
929 2445 1232 2487 restituendum
1264 2458 1350 2486 esse
1374 2442 1480 2486 vidit
1507 2443 1633 2484 etiam
1663 2442 1768 2484 Her-

334 2546 527 2576 mannus.
589 2527 776 2570 Verbum
815 2523 1094 2578 βεβρεγμένος
1128 2523 1180 2566 de
1218 2522 1359 2580 pluvia
1400 2528 1442 2563 et
1476 2522 1573 2563 vino
1610 2520 1769 2562 intelli-

333 2610 515 2669 gendum
547 2606 744 2655 videtur,
780 2612 825 2646 ut
857 2604 899 2645 in
934 2603 983 2646 Δ.
1015 2602 1060 2644 P.
1091 2601 1148 2643 Xl
1169 2635 1180 2652 ‚
1214 2605 1254 2643 3.
1293 2605 1333 2643 5.
1377 2604 1470 2647 ταῖς
1498 2598 1690 2646 κοτύλαις
1719 2595 1767 2649 μ’

334 2687 578 2742 ὑποβρέξας.
614 2683 770 2740 Hedyl.
814 2681 970 2724 Athen.
1001 2680 1087 2730 xl,
1123 2682 1224 2722 473.
1259 2680 1310 2722 A.
1347 2678 1464 2721 ἀλλὰ
1497 2676 1629 2725 κάδοις
1672 2677 1767 2721 Χίου

334 2785 388 2821 με
429 2765 686 2818 κατάβρεχε,
726 2761 931 2805 Eubulus.
960 2760 1010 2810 1,
1047 2761 1115 2802 41.
1159 2757 1441 2815 βεβρεγμένος
1481 2756 1559 2806 ἥκω
1601 2756 1668 2799 καὶ
1703 2772 1768 2797 κε-

337 2844 637 2897 κωθωνισμένος.
