1794 3412
671 267 932 307 -157—

8 447 9 451 Ἰ
74 393 344 439 Adiectivum
390 391 651 451 aptissimum
695 392 812 434 cuius
863 390 1064 434 memoria
1108 396 1269 432 servata
1311 396 1374 432 est
1421 387 1532 447 apud

73 489 204 518 unum
247 471 540 532 Hesychium:
583 470 819 526 οὲρμαλέον,
853 469 983 525 ξηρόν.
1047 469 1174 513 Plura
1214 467 1339 512 huius
1370 469 1535 528 generis

74 555 376 614 epigrammata
422 553 537 597 haud
575 552 704 596 dubie
744 553 949 611 inscripta
988 551 1163 595 suerunt
1209 551 1346 611 cippis
1391 559 1534 594 tumu—

74 635 213 678 lorum
265 649 399 694 prope
450 634 761 694 Agrigentum,
812 633 866 676 de
901 631 1056 691 quibus
1097 629 1225 677 Diod.
1274 630 1363 676 Sic.
1398 630 1534 684 XIII,

0 725 3 769 ᾗ
73 717 147 760 82.
187 715 307 765 δηλοῖ
333 715 374 758 δὲ
415 716 489 764 τὴν
525 714 684 768 τρυφὴν
713 715 794 757 τῶν
834 711 1170 767 Ἀκραγαντίνων
1200 712 1270 757 καὶ
1303 714 1327 764 ἦ
1358 710 1536 756 πολυτέ-

0 774 3 857 i
68 806 164 839 λεια
189 798 268 839 τῶν
293 795 502 848 μνημείων
531 793 656 838 ἅτινα
683 794 761 847 μὲν
786 798 872 843 τοῖς
898 794 1104 843 ἀθληταῖς
1135 791 1275 842 ἵπποις
1307 791 1536 837 κατεσκεύ-

0 911 1 914 ¹
71 892 210 926 ασαν,
254 875 348 919 τινα
386 874 428 918 δὲ
457 880 543 924 τοῖς
576 875 654 919 ὑπὸ
695 879 776 918 τῶν
811 874 966 918 παίδων
1007 874 1077 917 καὶ
1115 873 1320 928 παρθένων
1360 875 1404 918 ἐν
1444 873 1539 929 οἴκῳ

68 955 332 1011 τρεφομένοις
371 955 597 1009 όρνιθαρίοις
637 952 669 996 ἃ
706 954 886 1006 Τίμαιος
917 952 1135 1006 ἑωρακέναι
1166 953 1272 1007 φησὶ
1303 952 1432 1009 μέχρι
1463 957 1536 999 τοῦ

67 1037 158 1079 καθ’
189 1035 333 1079 ἑαυτὸν
358 1034 452 1087 βίον
494 1033 770 1087 διαμένοντα,
817 1042 864 1077 ut
908 1032 1152 1077 cicadarum
1192 1041 1236 1077 et
1274 1033 1536 1079 locustarum

68 1123 343 1160 monumenta
373 1130 525 1173 magno
553 1130 651 1159 cum
681 1114 952 1159 dominorum
982 1113 1125 1158 studio
1159 1123 1202 1158 et
1231 1115 1438 1175 opificum
1468 1131 1539 1159 ar-

70 1197 204 1241 tificio
237 1196 347 1240 facta
378 1204 587 1240 memorat
619 1196 783 1240 Plinius
819 1195 872 1240 Η.
899 1194 955 1240 Ν.
986 1198 1059 1240 34.
1093 1197 1136 1240 9.
1171 1197 1215 1239 3.
1267 1195 1536 1254 »Myronem

70 1278 216 1321 secisse
244 1286 286 1321 et
312 1277 481 1324 cicadae
526 1284 802 1322 monumenta
844 1291 894 1319 ac
926 1275 1114 1319 locustae
1160 1277 1421 1321 carminibus
1451 1278 1539 1321 suis

74 1358 233 1402 Erinna
258 1359 521 1417 significat.''
587 1359 647 1403 Ex
665 1357 820 1418 quibus
843 1356 1056 1417 descripta
1080 1357 1248 1417 aliquot
1275 1359 1463 1402 carmina
1491 1360 1536 1402 in

74 1439 376 1499 Anthologiam
405 1450 576 1498 recepta
608 1452 707 1483 sunt
726 1472 737 1492 ,
772 1448 820 1483 ut
846 1439 1085 1484 Mnasalcae
1114 1439 1170 1485 A.
1204 1440 1252 1485 P.
1278 1440 1362 1485 VII
1382 1474 1395 1493 ,
1430 1442 1532 1485 194.

188 1520 357 1575 Ἀκρίδα
384 1521 641 1575 Δημοκρίτου
672 1520 970 1574 μελεσίπτερον
1001 1512 1076 1562 ἅδε
1108 1520 1309 1563 θανοῦσαν

305 1602 506 1654 ’Ἀργιλος
530 1599 707 1654 δολιχὰν
732 1599 850 1654 ἀμφὶ
883 1599 1071 1642 κέλευθον
1103 1598 1222 1652 ἔχει,

186 1678 239 1729 ἇς
270 1681 353 1724 καὶ
386 1678 446 1724 ἔτ’
476 1680 625 1724 ἰθύσειε
649 1680 910 1735 πανὲσπερον
937 1679 1062 1733 ὕμνον
1091 1680 1241 1724 ἀείδειν

308 1763 395 1804 πᾶν
425 1761 628 1815 μέλαθρον
658 1763 830 1813 μολπᾶς
862 1759 956 1814 ἴαχ’
989 1761 1060 1804 ὑπ’
1087 1759 1325 1804 εὐκελαδου.

72 1840 157 1886 Ubi
197 1842 407 1900 particula
449 1843 523 1886 καί
555 1851 601 1886 ut
644 1842 766 1886 valde
809 1841 968 1887 absona
1006 1841 1229 1894 offendor,
1273 1849 1536 1902 quapropter

67 1922 240 1966 malim:
289 1920 342 1971 οἷς
373 1939 442 1966 κεν
469 1947 529 1954 --
554 1921 711 1976 ἴαχεν,
760 1930 809 1965 ut
847 1921 1064 1966 iudicetur
1102 1921 1186 1966 hoc
1225 1923 1320 1966 fieri
1359 1923 1534 1967 solitum

71 2003 212 2047 fuisse.
279 2003 344 2048 De
380 2003 563 2048 lectione
596 2005 638 2046 in
682 2017 785 2046 voce
808 2004 1010 2057 ’Άργιλος
1039 2002 1292 2057 dubitatur,
1327 2019 1460 2064 quum
1491 2005 1534 2048 in

67 2082 215 2128 codice
248 2085 458 2143 scriptum
495 2084 579 2128 sit:
615 2082 846 2137 Ἀργειλός.
911 2083 1041 2128 Urbis
1071 2084 1344 2130 Macedoniae
1378 2101 1535 2130 nomen

71 2165 259 2207 restituit
286 2165 527 2208 Brunckius
548 2198 559 2216 ,
594 2165 664 2207 sed
707 2163 815 2207 mihi
857 2163 1082 2223 displicere
1114 2166 1250 2210 fateor
1281 2169 1535 2212 sententiam

71 2245 130 2286 ita
159 2244 456 2290 informatam:
505 2243 572 2294 ἥδε
605 2242 725 2292 πόλις
753 2268 814 2275 ·-
839 2243 929 2297 ἔχει
965 2245 1115 2299 οέκρίδα
1155 2247 1272 2303 ἀμφὶ
1314 2248 1530 2301 κέλευθον,

69 2339 201 2384 quum
249 2325 575 2384 exspectaveris:
623 2324 690 2375 ἥδε
723 2324 909 2374 κέλευθος
942 2324 1049 2379 ἔχει.
1113 2326 1197 2370 Sed
1240 2328 1392 2372 melius
1424 2330 1532 2388 quid

70 2420 156 2448 non
193 2405 363 2448 invenio
400 2414 443 2449 et
477 2405 658 2449 fortuito
696 2405 856 2449 factum
901 2415 1039 2466 puto,
1087 2407 1201 2466 quod
1238 2409 1282 2452 in
1324 2409 1532 2455 locustam

66 2485 300 2530 Democriti
332 2485 449 2529 aliud
489 2494 621 2530 exstat
652 2486 909 2544 epigramma
942 2504 965 2530 a
995 2487 1197 2532 Phaenno
1230 2491 1438 2550 scriptum
1464 2492 1527 2538 ib.

70 2581 111 2610 c.
143 2569 242 2611 197.

186 2645 431 2701 Δαμοκρίτῳ
458 2646 534 2700 μὲν
561 2647 644 2699 ἐγὼ
661 2681 673 2697 ,
708 2647 882 2702 λιγυρὰν
913 2648 991 2693 ὅκα
1020 2654 1181 2703 μοῦσαν
1209 2652 1347 2701 οένείην

303 2728 418 2781 asaph,-
450 2727 534 2770 ἀπὸ
562 2727 776 2782 πτερύγων
794 2763 806 2778 ,
840 2730 908 2773 τὸν
935 2731 1068 2782 βαθὺν
1103 2730 1208 2786 ἆγον
1239 2731 1359 2776 ὕπνον
1379 2749 1388 2757 ·

186 2807 441 2862 Δαμόκριτος
474 2807 508 2850 δ’
541 2809 608 2851 ἐπ’
634 2809 722 2861 ἐμοὶ
750 2810 820 2853 τὸν
847 2810 1008 2854 ἐοικότα
1029 2811 1193 2865 τύμβον
1220 2813 1336 2856 ὁδῖτα

304 2888 482 2940 ἐγγύθεν
515 2892 707 2944 Ὠρωποῦ
741 2895 867 2944 χεῦεν
898 2893 1164 2949 αποφθιμένα
1184 2928 1193 2942 ,
