1794 3412
921 267 1182 307 -110—

568 387 720 438 χαίρων
751 387 819 428 καὶ
851 386 984 440 δρυΐνῳ
1015 387 1346 438 σπενδόμενος
1375 391 1537 440 μέλιτι·

452 464 551 506 ἀλλ’
576 465 656 516 οὐχ
683 464 929 517 Ἠρακλέης·
960 463 1031 507 ἕνα
1056 466 1097 507 δὲ
1125 466 1260 508 κτίλον
1288 468 1310 517 ἢ
1340 469 1483 521 παχὺν
1513 468 1616 522 α’ὶρνα

567 543 680 585 αἰτεῖ
706 542 774 585 καὶ
801 542 964 591 παντως
991 542 1031 585 ἓν
1062 543 1149 592 θύος
1180 544 1430 596 ἐκλέγεται,

451 619 569 662 ἄλλα
595 620 740 669 λύκους
767 620 907 675 εἴργει.
939 623 982 666 τί
1011 622 1052 666 δὲ
1079 623 1125 667 τὸ
1151 624 1275 667 πλέον
1291 658 1302 673 ,
1335 626 1370 669 εἰ
1400 625 1447 668 τὸ
1471 627 1689 680 φυλαχθὲν

569 697 740 743 ὄλλυται
768 699 851 744 εἴτε
881 700 1019 749 λύκοις
1050 700 1120 744 εἴθ’
1152 702 1228 745 ὑπὸ
1254 705 1325 746 τοῦ
1347 702 1559 757 φύλακος;

337 775 418 820 Ubi
449 791 507 820 vs.
532 779 558 818 2
590 779 794 836 corrigam
834 780 1142 832 σπενδομένοις,
1175 780 1312 824 verbis
1356 783 1413 825 ita
1446 783 1625 827 iunctise
1666 785 1766 838 χαί-

330 870 402 907 ρων
437 859 520 903 τοῖς
559 856 769 901 σπένδουσι
807 857 995 909 γάλακτι
1041 860 1108 902 καὶ
1152 859 1305 910 μέλιτι.
1379 861 1636 919 Praepositio
1680 854 1769 907 fere

332 933 548 976 abundans
574 943 616 978 et
646 936 779 979 forma
805 936 920 979 verbi
944 937 1080 980 media
1107 950 1186 980 usu
1213 939 1312 980 trita
1340 940 1566 983 offensione
1591 950 1763 993 carent;

332 1013 402 1055 sed
430 1013 549 1056 valde
578 1014 728 1058 dubito
756 1030 856 1058 num
882 1026 994 1060 recte
1012 1017 1200 1061 dicatur.-
1234 1017 1353 1066 ὅθεὸς
1368 1018 1507 1070 μέλιτι
1524 1019 1764 1070 σπένδεται,

333 1105 464 1148 quum
504 1092 629 1135 activi
668 1094 721 1136 sit
760 1095 974 1151 regimen:
1026 1096 1096 1148 θεῷ
1127 1095 1312 1138 σπένδειν
1348 1095 1459 1148 μέλι.
1522 1097 1611 1140 Nec
1653 1107 1767 1143 recte

332 1169 417 1212 dici
446 1170 639 1215 videtur:
673 1173 831 1226 χαίρειν
868 1175 908 1217 ἐν
943 1173 1145 1225 γάλακτι.
1209 1174 1370 1217 Diversi
1402 1184 1496 1217 sunt
1525 1175 1606 1218 loci
1633 1177 1766 1222 Arist.

331 1249 446 1293 Nub.
483 1252 609 1295 1008.
643 1250 728 1305 ἦρος
759 1253 799 1294 ἐν
830 1251 909 1307 ὥρα
939 1253 1092 1307 χαίρων
1135 1262 1177 1295 et
1211 1254 1293 1312 Ep.
1334 1254 1446 1312 App.
1477 1256 1578 1300 200.
1609 1258 1651 1299 3.
1696 1256 1764 1299 καὶ

331 1329 375 1371 σὲ
402 1330 468 1371 τὸν
499 1330 540 1372 ἐν
564 1330 774 1373 σπονδαῖσι
804 1331 1023 1382 γεγαθότα
1052 1333 1182 1375 πουλὺ
1213 1335 1308 1384 μετ’
1331 1334 1478 1375 ἀστῶν.
1541 1334 1590 1376 In
1615 1335 1764 1378 Leoni-

333 1408 409 1450 dae
439 1409 749 1466 epigrammatis
783 1426 843 1454 vs.
873 1414 896 1452 2
930 1412 1161 1454 notandum
1189 1412 1438 1455 vocabulum
1466 1412 1649 1464 δαμόθεν.
1683 1415 1767 1459 Ur-

332 1486 427 1529 bem
460 1487 568 1530 enim
602 1488 683 1530 alio
723 1489 816 1531 loco
845 1489 969 1541 δῆμον
1004 1490 1161 1532 dictam
1202 1505 1287 1533 esse
1317 1506 1400 1533 non
1431 1493 1619 1537 memini.
1681 1493 1766 1538 Sed

332 1567 465 1608 tribus
499 1568 659 1610 inversa
696 1568 786 1611 vice
814 1570 977 1626 saepius
1010 1569 1210 1612 dicuntur
1249 1570 1406 1619 πόλεις.
1470 1572 1542 1615 Vs.
1573 1576 1597 1614 5
1640 1573 1766 1614 verba

328 1646 415 1688 ποθ’
439 1646 585 1695 αὑτούς
608 1656 723 1691 recte
750 1648 983 1692 Meinekius
1016 1665 1059 1707 p.
1081 1652 1177 1693 119.
1211 1651 1508 1709 interpretatus
1529 1660 1616 1696 est:
1647 1652 1766 1695 οέλλα

330 1725 423 1778 πρὸς
469 1725 677 1777 ἀλλήλους
714 1725 895 1770 dissidiis
937 1729 1081 1786 agitati
1116 1738 1216 1772 noto
1261 1732 1521 1788 pronominis
1560 1744 1669 1782 usn,
1717 1738 1766 1773 ut

328 1803 520 1863 Philipp.
555 1807 610 1850 A·
636 1807 680 1848 P.
700 1806 789 1856 IX,
822 1809 891 1851 ll.
918 1811 956 1851 1.
988 1808 1214 1862 ἀμφότεροι
1241 1809 1281 1852 δὲ
1312 1810 1367 1858 εἷς
1392 1810 1538 1858 αὑτοὺς
1560 1810 1606 1852 τὸ
1629 1809 1763 1862 τύχης

328 1882 453 1931 ἐνδεὲς
481 1883 686 1936 ἦροένισαν.
742 1884 860 1927 Idem
893 1885 952 1926 vir
980 1885 1129 1928 doctus
1161 1888 1288 1929 trium
1329 1902 1522 1930 versuum
1563 1888 1764 1931 indicavit

329 1962 534 2006 lacunam.
601 1963 656 2005 Et
683 1963 763 2005 iam
796 1962 1064 2006 casaubonus
1097 1964 1147 2006 ad
1181 1965 1290 2010 Hist.
1332 1966 1440 2022 Aug.
1471 1966 1629 2022 Script.
1665 1975 1696 2011 t.
1724 1967 1761 2011 I.

329 2056 373 2098 p.
410 2043 510 2085 311.
556 2050 649 2099 post
690 2056 854 2084 versum
896 2043 1090 2100 quintum
1132 2058 1294 2086 versum
1337 2059 1467 2087 unum
1509 2052 1550 2088 et
1584 2045 1761 2088 alterum

329 2119 524 2163 excidisse
566 2121 798 2179 suspicatus
834 2130 926 2172 est,
961 2122 1211 2165 assentiente
1239 2123 1428 2166 Iacobsio
1469 2125 1511 2166 in
1559 2124 1671 2169 Add.
1711 2124 1763 2167 ad

328 2200 380 2242 A.
414 2200 460 2243 P.
525 2198 641 2243 Idem
673 2201 714 2242 in
761 2200 1205 2244 Animadversionibus
1245 2201 1359 2253 ὧμας
1400 2201 1590 2255 οὲχροέδας
1632 2203 1761 2262 expli-

326 2277 444 2321 cuit:
478 2277 647 2320 acerbas
688 2287 729 2321 et
761 2279 1019 2323 immaturas.
1092 2279 1174 2323 Sed
1218 2296 1347 2338 quum
1389 2280 1569 2334 ἀχράδες
1609 2297 1761 2340 perpe-

326 2365 398 2399 tuo
445 2355 637 2398 dicantur
683 2356 873 2414 epitheto
919 2358 1056 2407 ὠμαῖ,
1106 2375 1141 2401 v.
1191 2361 1380 2417 superius
1424 2376 1468 2418 p.
1509 2362 1595 2411 88,
1641 2362 1759 2419 equi-

324 2438 419 2478 dem
449 2435 622 2478 malim:
663 2434 760 2478 ὥστ’
786 2436 901 2486 ὠμὰς
938 2438 1120 2491 παραθῇς
1159 2437 1363 2491 οέχροέδας.
1427 2438 1589 2481 Codex:
1636 2440 1757 2482 αἱτω-

323 2530 401 2565 μαι
441 2515 637 2567 παραθής.
700 2514 771 2557 Vs.
801 2516 852 2557 13
899 2513 1056 2558 codex:
1091 2516 1164 2564 τὴν
1200 2516 1306 2559 τοῦθ’
1344 2519 1418 2558 Ἡ.
1464 2516 1574 2574 quod
1617 2533 1757 2562 emen-

325 2594 440 2636 davit
476 2593 725 2637 Meinekius.
787 2593 903 2636 Idem
945 2594 1062 2636 ἄλλα
1106 2594 1156 2637 τὺ
1198 2609 1292 2637 cum
1335 2595 1581 2638 Casaubono
1612 2605 1654 2639 et
1691 2597 1756 2640 Ia-

325 2673 470 2716 cobsio
523 2671 689 2722 edidit,
739 2681 900 2715 servato
943 2674 1089 2728 Ἑρμᾶ.
1163 2672 1245 2716 Sed
1289 2675 1329 2715 in
1380 2674 1527 2717 codice
1571 2674 1754 2733 legitur:

324 2751 479 2794 ἄλλοτε
505 2755 622 2794 τοῦτο
659 2753 836 2804 Ἑρμαῖ,
871 2751 983 2809 quod
1011 2751 1160 2794 leniter
1197 2760 1406 2794 mutatum
1443 2768 1465 2794 a
1495 2761 1618 2810 poeta
1655 2769 1756 2813 pro-

326 2831 482 2873 fectum
506 2844 594 2873 esse
615 2837 734 2887 puto.
798 2829 1057 2874 Adverbium
1084 2828 1236 2877 ἄλλοτε
1260 2831 1492 2889 saepissime
1515 2832 1634 2876 alteri
1662 2848 1754 2877 ora-
