1794 3412
935 260 1197 300 -142—

351 382 594 423 sententiam
624 393 748 436 quam
790 381 913 429 etiam
945 381 1060 438 prius
1101 380 1269 424 defendi
1310 382 1559 427 Meinekium
1605 397 1686 427 non
1715 399 1781 428 re—

348 469 415 502 cte
453 460 641 502 statuisse
677 458 729 501 de
769 459 901 502 Marci
947 459 1184 517 Argentarii
1230 460 1499 519 inscriptione
1533 463 1583 507 A.
1618 463 1664 507 Ρ.
1692 463 1779 516 vl,

352 540 451 581 201.
678 587 680 590 ,

467 615 666 660 Σάνδαλοε
687 616 756 659 xa}
782 617 928 669 μίτρην
957 616 1231 670 περικαλλέα,
1264 616 1332 661 τόν
1363 634 1410 660 τε
1437 619 1656 672 μυρόπνουν

584 695 814 750 βόστρυχον
841 695 990 750 ὡραίων
1019 693 1134 738 οὖλον
1159 696 1242 739 ἀπὸ
1264 697 1514 749 πλοκάμων,

469 776 536 818 καὶ
565 774 686 828 ζώνην
711 776 780 819 καὶ
805 776 957 819 λεπτὸν
985 774 1197 827 ὑπένδυμα
1226 778 1345 819 τοῦτο
1377 781 1546 829 χιτῶνος

585 856 655 898 καὶ
680 856 739 898 τοὶ
763 855 851 909 περὶ
883 855 1055 909 στέρνοις
1084 854 1236 906 dymno}
1258 856 1522 907 μαστόδετοι,

465 932 672 988 ἄμβροτον
698 935 872 983 εὐώδινος
898 935 985 978 ἐπεὶ
1015 933 1130 989 φύγε
1159 934 1294 983 νηδύος
1323 934 1444 986 ὄγκον

585 1014 807 1069 Εὐφράντη
836 1015 911 1068 νηῷ
937 1015 1052 1063 θῆκεν
1084 1014 1152 1056 ὑπ’
1180 1013 1427 1066 Ἀρτέμιδος.

349 1089 413 1133 Ita
441 1090 521 1133 hoc
565 1107 730 1136 carmen
767 1093 901 1136 edidit
937 1093 1172 1136 Brunckius
1202 1093 1244 1135 in
1287 1092 1530 1144 Analeetis‚
1563 1095 1640 1137 nisi
1669 1094 1783 1153 quod

350 1184 410 1212 vs.
440 1173 481 1214 5.
522 1172 686 1230 scripsit
717 1170 913 1234 Ampor-054
968 1172 1030 1214 Dc
1058 1186 1142 1231 quo
1178 1185 1264 1214 uno
1305 1172 1357 1214 ab
1395 1171 1688 1231 elegantissimi
1717 1174 1783 1216 iu-

348 1247 453 1291 dicii
488 1249 576 1291 viro
618 1249 811 1292 dissensit
842 1250 1076 1294 Meinekius
1119 1266 1163 1309 p.
1197 1252 1278 1293 182
1310 1266 1374 1309 sq.
1410 1250 1619 1306 ἄμβροτον
1652 1253 1782 1297 inter-

348 1335 536 1384 pretetus
566 1327 828 1382 ἁμάρτητος,
860 1328 1130 1383 ἁμαρτωλός,
1153 1330 1424 1384 frustratus
1443 1362 1456 1383 ,
1490 1339 1537 1374 ut
1561 1330 1784 1390 Euphran-

350 1414 391 1449 te
433 1406 625 1449 abortum
665 1408 830 1452 fecerit.
910 1407 974 1451 Ad
1020 1422 1144 1466 quam
1185 1403 1576 1466 interpretationem
1623 1412 1784 1454 recurri

350 1500 499 1543 posse,
544 1487 704 1529 ratione
740 1484 884 1535 habita
927 1494 1183 1528 caeterarum
1226 1485 1412 1528 eiusdem
1455 1489 1689 1545 argumenti
1719 1489 1785 1532 in-

350 1563 626 1621 scriptionum
658 1563 856 1622 equidem
889 1565 1015 1607 etiam
1047 1573 1174 1622 atque
1206 1565 1330 1606 etiam
1361 1579 1496 1623 nego,
1529 1581 1666 1625 neque
1703 1567 1783 1611 du-

348 1642 438 1684 bito
465 1643 564 1700 quin
597 1642 722 1685 unice
757 1658 850 1686 vera
881 1645 934 1686 sit
968 1643 1197 1687 Hermanni
1229 1644 1492 1689 emendatio:
1523 1645 1699 1700 ἔμβρυον
1722 1671 1782 1682 --

345 1722 479 1773 ὄγκον.
567 1705 571 1707 ¹

409 1802 622 1844 De‘more
657 1800 870 1843 fabrorum
912 1810 954 1843 et
992 1802 1191 1859 opificum
1234 1802 1348 1845 senio
1387 1803 1674 1848 confectorum
1718 1807 1791 1849 ins

348 1889 579 1923 strumenta
619 1881 720 1922 artis
755 1878 834 1921 diis
864 1881 1086 1922 dedicandi
1119 1890 1166 1922 ut
1204 1890 1244 1923 et
1274 1881 1457 1925 militum
1490 1891 1780 1929 veteranorum

347 1959 451 2002 rude
492 1959 739 2002 donatorum
783 1960 856 2016 qui
898 1958 1009 2002 idem
1052 1961 1092 2000 in
1133 1960 1256 2002 armis
1294 1962 1378 2002 suis
1415 1961 1553 2006 facere
1591 1963 1782 2008 solebant

348 2039 485 2082 omnia
524 2039 756 2082 notissima.
819 2037 1012 2081 Carmina
1050 2047 1184 2080 tamen
1215 2037 1297 2081 huc
1338 2042 1566 2098 spectantia
1604 2044 1646 2085 in
1685 2044 1779 2087 An-

348 2117 531 2176 thologia
570 2118 679 2160 libro
713 2126 827 2161 sexto
863 2132 941 2175 pro
981 2117 1099 2175 pa'rte
1132 2118 1290 2161 minore
1322 2128 1419 2161 sunt
1449 2121 1776 2179 Epigrammata.

348 2198 408 2241 Ex
441 2185 760 2255 inscriptionum
792 2211 966 2239 numero
991 2204 1052 2238 est
1085 2195 1165 2239 hoe
1189 2197 1399 2240 Leonidae
1438 2214 1605 2243 carmen
1647 2202 1698 2246 A.
1730 2203 1776 2246 Ρ.

349 2276 432 2322 vl.
468 2279 572 2320 205.

461 2355 656 2403 Τέκτονος
686 2354 844 2408 ἄρμενοι
875 2357 1012 2396 ταῦτα
1037 2354 1262 2407 Λεοντίχου
1280 2388 1290 2403 ,
1325 2354 1376 2398 αἵ
1398 2373 1442 2398 τε
1468 2359 1680 2411 χοιροικτοιὶ

578 2437 680 2487 §rum
707 2434 774 2476 καὶ
803 2432 938 2476 κάλων
964 2435 1003 2475 οἱ
1035 2433 1234 2486 τοιχινοὶ
1267 2435 1434 2489 βορέη,

462 2511 685 2564 erotophus
717 2511 785 2555 καὶ
812 2517 983 2563 μιλτεῖοι
1015 2513 1082 2554 καὶ
1115 2515 1158 2554 αἱ
1183 2512 1328 2565 σχεδὸν
1353 2515 1631 2568 ἆμφιπλῆγες

577 2594 730 2645 σφῦραι
762 2590 830 2632 καὶ
863 2591 995 2644 μίλτῳ
1025 2590 1238 2645 Φυρόμενοι
1270 2592 1458 2641 κανόνες,

459 2669 513 2714 οιῖ
536 2674 573 2714 τ’
605 2671 735 2724 &pisse
764 2670 913 2724 ξυστῆρ
943 2687 989 2713 τε
1021 2672 1089 2714 καὶ
1122 2672 1413 2723 ἐστελεωμὲνος
1445 2672 1557 2722 οὗτος

579 2751 770 2803 ἐμβριθὴς
801 2750 954 2803 τέχναις
984 2752 1003 2792 ὁ
1035 2750 1225 2804 πρύτανις
1257 2751 1431 2799 πέλεκυς
1449 2785 1460 2800 ,

461 2830 648 2883 τρύπανοέ
679 2834 716 2873 τ’
744 2830 929 2878 εὐδίνητοι
956 2832 1023 2873 nai
1056 2833 1083 2872 ὠ
1093 2847 1116 2872 κ
1127 2832 1147 2880 η’
1158 2848 1175 2872 ε
1187 2847 1204 2873 ν
1214 2848 1238 2873 τ
1247 2847 1274 2873 οε
1306 2831 1470 2884 τέρετροι
