1794 3412
665 253 903 293 —65—

230 377 494 433 Πολυκράτης
528 377 569 419 δὲ
601 379 675 427 τὴν
705 378 829 428 γονὴν
861 379 1070 425 Ἀθηναῖος

229 461 366 513 λόγων
395 476 436 503 τι
469 457 734 511 παιπάλημα
764 458 834 501 καὶ
862 459 970 508 κακῆ
995 461 1173 511 γλῶσσα

228 540 415 595 ἔγραψεν
445 535 494 582 οἷ’
521 533 676 593 ἔγραψ’
693 553 703 564 ·
736 540 819 591 ἐγὼ
844 539 931 593 γαρ
956 540 1028 582 οὐκ
1053 535 1160 590 οἶδα.

12 606 27 615 ⁵
50 637 99 665 ox
141 621 276 665 altero
329 620 447 679 cippi
491 618 625 663 latere
667 618 879 679 descripta
916 619 1101 664 videtur.
1176 618 1301 676 Quod
1345 631 1511 663 assecua·

51 711 119 747 tus
164 715 256 744 sum
303 700 547 743 coniectura
604 698 732 743 ducta
783 715 834 743 ex
886 698 1022 758 glossa
1075 697 1299 758 marginali
1349 699 1393 742 in
1437 713 1512 742 co-

52 782 148 827 dice
203 780 415 840 adscripta
465 779 516 823 ad
565 779 749 824 alterum
798 779 1059 838 epigramma
1118 780 1161 822 in
1219 777 1512 823 Philaenidem

52 862 282 922 elegiacum
330 859 592 905 Dioscuridis
635 860 688 904 Δ.
726 859 776 906 Ρ.
809 860 891 903 VH
912 891 925 912 ,
970 861 1071 904 420.
1121 871 1168 919 p.
1202 859 1321 904 256:
1363 859 1512 914 νομίζω

48 941 110 987 ὅτι
160 943 304 991 δισσῶς
355 945 491 984 κεῖται
531 940 578 984 τὸ
612 939 868 994 ἐπίγραμμα
887 953 897 965 ·
939 941 1050 990 πλὴν
1089 939 1131 983 ἐν
1170 946 1225 996 τῇ
1265 938 1386 992 τάξει
1431 944 1513 984 τῶν

47 1019 382 1078 ἐπιγραμματων
421 1023 494 1064 τοῦ
534 1018 670 1075 κυρίου
714 1021 899 1074 Μιχαὴλ
938 1018 1066 1070 οὕτως
1114 1025 1250 1064 κεῖται
1299 1020 1514 1074 συνημμέ-

49 1119 112 1148 νον
134 1101 250 1156 μετὰ
278 1103 351 1145 τοῦ
377 1100 606 1154 ἰαμβικοῦ,
642 1100 671 1146 i.
701 1116 741 1146 e.
776 1114 875 1145 cum
903 1100 995 1161 ipso
1029 1100 1113 1145 hoc
1140 1102 1329 1146 carmine
1348 1134 1360 1153 ,
1393 1100 1511 1160 quod

50 1185 95 1228 in
119 1182 269 1227 codice
306 1181 534 1226 ἀδέσποτον
559 1190 623 1224 est
643 1215 654 1234 ‚
688 1181 742 1224 ab
770 1181 866 1225 aliis
905 1197 1005 1226 vero
1036 1181 1248 1227 Simonidi
1290 1181 1514 1226 tribueba-

52 1273 149 1316 tur,
180 1263 452 1310 Aeschrionis
478 1278 566 1306 esse
599 1271 779 1307 testatur
804 1261 1067 1310 Athenaeus.
1101 1263 1318 1325 Equidem
1340 1271 1512 1308 utrum-

52 1360 135 1406 que
161 1345 420 1406 epigramma
445 1344 488 1388 in
519 1342 814 1388 Philaenidem
842 1343 1077 1388 Dioscoridi
1104 1345 1288 1390 tribuam
1309 1378 1323 1399 ,
1356 1345 1513 1390 utrim-

51 1441 136 1486 que
163 1427 282 1487 cippi
299 1425 502 1470 lateribus
530 1425 596 1469 vel
621 1425 874 1485 inscriptum
893 1425 958 1470 vel
975 1426 1313 1472 inscribendum.
1351 1425 1512 1471 Eodem

53 1506 181 1551 modo
221 1508 263 1550 in
303 1506 527 1550 Welckeri
569 1504 745 1565 Sylloge
788 1506 1156 1565 Epigrammatum
1198 1522 1248 1551 ex
1282 1523 1368 1552 uno
1398 1523 1514 1552 mar·

54 1602 173 1632 more
203 1586 418 1646 descripta
456 1586 657 1645 leguntur
688 1585 774 1629 duo
805 1586 1115 1646 epigrammata
1135 1619 1146 1638 ,
1181 1600 1313 1632 unum
1355 1587 1516 1648 elegia·

51 1681 150 1713 cum
167 1700 180 1721 ,
212 1667 392 1711 aiterum
423 1666 681 1710 iambicum:
717 1681 759 1712 c.
786 1669 844 1711 23
871 1675 915 1711 et
937 1669 994 1711 24
1026 1676 1069 1711 et
1088 1669 1243 1712 iterum
1272 1670 1329 1713 59
1351 1678 1395 1714 et
1422 1671 1482 1714 60
1499 1702 1512 1723 ,

52 1751 103 1794 61
136 1758 178 1793 et
207 1750 297 1800 62,
333 1748 384 1790 81
425 1756 470 1791 et
507 1748 584 1794 82.
646 1748 706 1793 Ut
747 1748 792 1790 in
836 1747 1097 1791 Frontonem
1142 1749 1327 1794 Polittae
1373 1750 1514 1795 filium

55 1831 109 1878 A.
135 1829 184 1876 P.
213 1829 294 1874 Vll
313 1862 326 1882 ,
360 1831 447 1873 334
478 1838 523 1873 et
554 1831 657 1874 335.
722 1829 834 1872 Hinc
865 1828 1164 1888 explicandum
1197 1830 1313 1889 quod
1356 1831 1516 1876 Leoni·

51 1909 146 1955 dae·
169 1909 389 1955 Tarentini
429 1909 628 1969 leguntur
663 1908 750 1952 duo
792 1910 1096 1969 epigrammata
1142 1911 1186 1954 in
1225 1926 1352 1956 unam
1398 1912 1514 1956 Ana-

51 1990 234 2035 creontis
261 1997 442 2034 statuam
471 1988 606 2035 Anth.
634 1987 754 2034 Plan.
788 2003 828 2035 c.
854 1991 941 2034 306
969 1999 1013 2034 et
1038 1992 1145 2038 307.
1207 1993 1265 2037 Et
1295 1994 1511 2053 epigram·

52 2086 119 2115 ma
148 2070 378 2115 iambicum
421 2069 610 2114 eiusdem
642 2079 793 2130 poetae
823 2071 938 2131 App.
976 2068 1059 2131 Ep.
1091 2074 1147 2116 48
1179 2088 1256 2132 per
1284 2090 1328 2119 se
1359 2075 1514 2119 inscri-

53 2152 143 2211 ptio
177 2149 325 2195 haberi
357 2151 537 2209 nequit,
570 2150 717 2194 eadem
750 2151 882 2209 igitur
913 2152 1078 2195 ratione
1105 2162 1400 2213 comparatum
1429 2164 1511 2204 est.

55 2230 213 2276 Confer
254 2239 473 2290 praeterea
509 2228 723 2272 Leonidae
758 2230 1064 2289 epigrammata
1111 2233 1166 2278 Α.
1198 2234 1246 2278 Ρ.
1280 2235 1339 2278 VI
1360 2269 1371 2287 ,
1404 2239 1511 2283 211.

55 2312 176 2358 Plan.
204 2313 306 2357 182.
348 2309 468 2367 Quod
497 2324 596 2353 vero
624 2309 774 2354 Cicero
799 2311 963 2370 scripsit
989 2312 1114 2358 Taso.
1144 2314 1196 2370 Q.
1230 2315 1294 2367 V,
1324 2318 1406 2370 23,
1435 2319 1511 2363 64.

56 2394 98 2437 in
132 2390 401 2438 Archimedis
430 2390 625 2450 sepulcro
668 2391 893 2450 inscriptos
923 2393 1048 2436 fuisse
1090 2394 1295 2454 quosdam
1326 2398 1514 2442 senario·

58 2475 120 2517 ios
146 2475 188 2517 in
218 2472 306 2515 basi
338 2472 456 2530 cippi
487 2471 685 2523 adversa,
722 2471 763 2514 id
795 2488 939 2517 verum
971 2475 1059 2518 sine
1076 2474 1238 2528 dubio,
1273 2477 1342 2520 sed
1366 2478 1420 2523 de
1447 2479 1510 2522 al-

54 2555 186 2598 terius
214 2553 356 2596 lateris
382 2553 662 2611 inscriptione
700 2568 782 2612 qua
817 2553 1006 2598 defuncti
1035 2572 1101 2599 res
1128 2559 1477 2605 memorabantur
1498 2595 1510 2614 ,

57 2635 285 2680 admonere
310 2633 495 2677 noluisse
525 2633 707 2677 videtur.
775 2634 831 2678 Ut
859 2635 909 2677 ad
934 2636 1193 2682 Dioscoridis
1219 2639 1387 2685 redeam
1415 2644 1511 2702 epi—

59 2731 275 2773 gramma,
321 2716 363 2756 in
404 2714 494 2756 eius
540 2729 596 2757 vs,
626 2719 650 2757 5
691 2714 817 2773 piane
855 2731 938 2758 non
983 2718 1177 2776 intelligo
1217 2719 1392 2778 quinam
1428 2724 1512 2767 sint

60 2795 93 2836 οἱ
125 2794 236 2837 κάτω
263 2798 415 2847 κοῦροι,
453 2809 529 2852 pro
558 2809 643 2852 quo
682 2795 951 2839 scribendum
989 2806 1078 2841 est:
1113 2799 1202 2842 οὐδὲ
1239 2800 1334 2850 τοὺς
1367 2801 1507 2853 κάτω,

62 2874 216 2927 κούρους
263 2877 332 2917 οὐκ
384 2873 426 2923 ἦν
470 2875 509 2922 ἐς
552 2874 699 2929 ἄνδρας
743 2877 825 2918 κτέ.
874 2876 1029 2921 collatu
1072 2877 1207 2938 Soph.
1268 2881 1366 2928 Ant,
1405 2886 1506 2930 542,

1182 2960 1208 2999 5
