1794 3412
892 281 1062 320 -116
1094 302 1150 311 -—

295 420 344 461 f).
372 406 451 446 -181
501 399 787 459 reponendum
829 414 914 442 esse
958 400 1077 444 vidit.
1144 399 1249 443 cod.
1282 400 1366 442 Pal.
1406 403 1455 448 ὡς
1487 399 1582 449 ὅτε,
1618 399 1727 456 quod

301 484 340 524 in
380 485 430 529 ὡς
472 480 553 530 ἅγε
598 479 773 521 mutavit
814 478 1068 521 Brunckius.
1143 477 1224 520 Sed
1269 493 1389 536 saepe
1428 478 1633 537 pluralem
1675 477 1724 519 ad

297 560 399 609 ἕςτις
433 560 580 602 referri
610 566 756 599 notum
787 565 862 600 cst.
926 557 1101 600 Gravior
1142 571 1239 598 vcro
1269 558 1504 616 corruptela
1539 556 1728 599 inhaeret

295 639 500 682 vocabulo
521 637 762 690 δημογέρων.
825 636 935 678 Deus
962 637 1073 678 enim
1103 635 1276 693 Tychon
1295 669 1304 686 ‚
1339 636 1527 694 quisquis
1562 635 1726 679 tandem
1786 684 1790 690 v·

296 719 376 768 sit,
420 718 633 760 minorum
669 725 731 758 est
761 716 949 774 gentium
989 724 1031 757 et
1062 715 1325 773 plebeiorum
1368 715 1502 768 -deuS,
1545 715 1614 758 sed
1648 730 1729 758 non
1787 748 1789 753 ,

298 805 359 838 est
391 811 529 839 senex.
592 795 703 838 Hinc
731 795 772 837 in
804 794 889 836 basi
919 794 1129 836 simulacri
1160 794 1259 837 olim
1289 794 1445 837 lectum
1484 794 1610 837 fuisse
1638 793 1731 851 opi·

298 890 375 918 nor
395 894 404 919 :

414 956 466 1002 ὥς
493 952 516 996 δ’
542 970 581 996 τι
608 952 830 1006 δημοτὲρων
861 952 1030 996 δύναται
1062 953 1144 1000 θεὸς
1171 951 1278 1005 ἀνδρὶ
1311 952 1485 1006 πενέστῃ

534 1032 766 1085 δωρεῖσθαι,
799 1031 950 1074 τούτων
976 1030 1105 1084 κύριός
1133 1031 1214 1082 εἶμι
1243 1029 1409 1082 Τύχων.

299 1110 614 1168 comparandus
654 1113 736 1168 Ap.
770 1109 851 1151 Rh.
884 1109 935 1160 1,
970 1111 1070 1151 783.
1104 1108 1319 1161 δημότεραι
1358 1109 1432 1159 μὲν
1465 1107 1623 1150 ὄπισθεν
1659 1109 1731 1149 ἒπ-
1767 1094 1771 1098 ”

296 1190 521 1233 εκλονέοντο
564 1193 771 1241 γυναῖκες.
823 1187 1037 1246 Antiphil.
1090 1189 1142 1232 A.
1179 1188 1227 1231 P.
1258 1187 1348 1238 lx,
1382 1189 1482 1231 415.
1528 1189 1571 1231 2.
1614 1186 1729 1235 ἡνίκα

295 1267 512 1322 δημοτέρην
541 1267 692 1320 Κύπριν
723 1265 998 1317 ἐναυτολόγει.

356 1348 487 1404 Digna
513 1347 638 1390 etiam
667 1360 774 1403 quae
798 1360 849 1387 ex
877 1352 1098 1388 accuratae
1129 1344 1343 1387 doctrinae
1380 1344 1510 1402 copiis
1549 1342 1731 1385 illustre-

299 1435 365 1469 tur
398 1425 647 1469 Callimachi
678 1424 896 1482 inscriptio
929 1425 983 1468 A.
1015 1424 1060 1467 P.
1092 1423 1153 1466 lx
1175 1456 1185 1474 ,
1226 1425 1326 1467 336.

410 1505 540 1558 ”Ηρως
567 1503 774 1551 Ἠετίωνος
806 1503 889 1546 ἐπί
895 1503 1018 1545 στοιθ
1027 1517 1114 1554 μσς
1145 1502 1458 1555 Ἀμφιπολίτεω

531 1582 699 1637 ἵδρυμαι
730 1583 855 1636 μικρῷ
886 1582 1023 1636 μικρὸς
1055 1581 1121 1624 ἐπὶ
1151 1581 1326 1635 προθύρῳ

415 1661 530 1712 λοξὸν
561 1660 654 1715 ὄφιν
683 1660 753 1703 καὶ
782 1663 923 1712 μοῦνον
954 1659 1060 1713 ἔχων
1090 1659 1210 1714 ξίφος
1229 1675 1239 1684 ·
1270 1659 1378 1714 ἀνδρὶ
1409 1658 1541 1702 ἕπείωι

527 1740 721 1793 θυμωθεὶς
754 1739 875 1792 πεζὸν
905 1739 1014 1791 κάμὲ
1045 1740 1315 1793 rapam-mo.

292 1821 379 1878 Qui
413 1836 553 1864 versus
585 1819 776 1878 inscripti
813 1819 984 1861 fuerunt
1022 1818 1109 1861 basi
1154 1828 1313 1862 statuae
1351 1817 1555 1877 pedestris
1595 1815 1732 1860 herois

294 1910 391 1944 ante
437 1901 546 1943 fores
587 1899 735 1941 domus
781 1898 966 1941 Eetionis
1011 1897 1365 1956 Amphipolitani.
1442 1898 1496 1941 Et
1542 1897 1600 1939 ita
1645 1896 1733 1938 fere

294 1980 446 2023 lemma
485 1980 527 2021 in
570 1976 715 2020 codice
757 1975 1045 2034 adscriptum:
1090 1976 1157 2018 ἐπὶ
1199 1975 1469 2029 ἀγαλμάτιον
1498 1975 1637 2028 μικρὸν
1662 1974 1728 2016 ἐπὶ

291 2059 462 2113 προθύρῳ
498 2055 729 2109 ἱστάμενον.
793 2055 897 2098 Inde
931 2070 1009 2112 pro
1043 2055 1326 2107 ἕπίστοιθμος,
1371 2053 1483 2112 quod
1521 2069 1600 2112 pro
1639 2053 1733 2095 vul-

292 2146 385 2197 gata
413 2137 479 2180 ἐπὶ
517 2135 700 2188 σταθμόν
729 2149 777 2177 ex
805 2133 952 2176 codice
995 2134 1036 2176 in
1077 2142 1233 2176 textum
1274 2133 1418 2183 venit,
1463 2130 1732 2175 scribendum

293 2217 359 2259 ἐπὶ
401 2216 584 2269 σταθμῷ.
650 2215 757 2257 Ante
793 2213 903 2255 fores
947 2212 1058 2254 enim
1101 2219 1276 2254 statuam
1321 2210 1566 2255 collocatam
1606 2211 1732 2253 fuisse

293 2298 334 2338 in
376 2295 528 2339 sacello
575 2293 826 2351 intelligitur
866 2307 913 2334 ex
956 2291 1084 2334 verbo
1129 2290 1416 2343 παρῳκίσικτο,
1453 2305 1511 2334 vs.
1543 2293 1583 2334 4.
1628 2305 1730 2346 quo-

295 2392 389 2418 cum
423 2390 618 2433 compara
647 2375 759 2431 App.
793 2373 873 2430 Ep.
901 2374 1003 2415 256.
1037 2374 1079 2414 5.

410 2452 663 2506 Ἀρχέλοχος
690 2452 725 2494 δ’
751 2453 801 2499 ὧς
829 2450 952 2498 αὐτὸς
981 2448 1233 2503 ἐρημοφίλικς
1262 2448 1330 2490 καὶ
1357 2448 1562 2499 ἀγείτων,

532 2530 560 2574 ὦ
587 2532 736 2585 παριὼν
753 2563 765 2579 ‚
798 2535 902 2572 τοῖον
929 2529 1037 2580 κοέμὲ
1065 2519 1336 2582 παρῲκίσοιτο.

299 2613 507 2672 Inprimis.
532 2610 787 2655 conferenda
825 2607 966 2651 fabula
996 2608 1107 2654 inter
1138 2607 1363 2651 Babrianas
1398 2622 1441 2651 n.
1472 2609 1542 2650 63.
1577 2606 1616 2647 in
1649 2620 1730 2663 qua

297 2695 474 2736 rusticus
503 2706 614 2734 sacra
645 2691 780 2738 facere
804 2689 977 2747 fingitur
1004 2686 1149 2737 heroi,
1184 2688 1251 2735 cui
1280 2685 1475 2731 sacellum
1506 2684 1547 2726 in
1577 2685 1731 2742 implu-

297 2775 363 2815 vio
400 2772 680 2815 dedicaverat.
744 2770 813 2812 Vs.
847 2770 889 2812 3.
937 2767 1173 2809 Brunckius
1213 2765 1420 2808 coniecit:
1471 2763 1537 2806 καὶ
1575 2764 1728 2814 γυμνὸν
1775 2808 1781 2811 ,

297 2853 401 2905 ἔχων
444 2851 592 2906 ξίφος,
639 2849 707 2893 sed
754 2856 864 2892 recte
913 2846 1093 2890 Naekius
1137 2845 1339 2895 Hecales,
1386 2859 1427 2901 p.
1459 2846 1529 2889 72.
1576 2842 1730 2886 codicis
