1794 3412
628 290 898 330 -207--

33 410 69 462 a>
95 417 306 461 culicibus
339 415 516 476 aliisque
556 416 645 458 eius
682 414 846 471 generis
892 411 1083 456 bestiolis
1129 425 1236 470 quae
1279 411 1491 453 flammam

34 500 231 544 lucernae
258 497 624 542 circumvolitant.
1243 497 1253 501 ”

93 579 370 624 Philodemus
405 594 443 624 c.
480 581 578 622 132.

147 660 217 704 *Ω
244 661 365 710 ποδὸς
383 694 395 710 ,
429 660 458 703 ῶ
484 659 641 712 κνήμης
660 692 672 708 ,
706 659 733 701 ὢ
766 661 844 701 τῶν
874 655 1082 700 ἀπόλωλα
1112 654 1275 703 δικαίως

271 744 433 795 μηρῶν,
467 741 495 783 ὢ
529 742 745 792 γλουτῶν,
780 738 807 781 ὢ
840 737 1011 787 κτενὸς,
1044 736 1072 780 ὢ
1100 735 1318 788 λαγόνων,

152 823 180 865 ὤ
210 822 389 875 ὥμοιν,
423 821 451 864 ὢ
478 824 651 873 μαστῶν
669 852 681 870 ,
716 818 745 862 ὣ
775 820 849 861 τοῦ
881 814 1050 872 ῥαδινοῖο
1080 817 1297 870 τραχήλου

272 903 302 946 ῶ
330 903 502 956 χειρῶν,
536 901 564 944 ῶ
595 904 673 944 τῶν
704 899 907 951 μαίνομαι
939 897 1188 950 ὄμματίων,

153 984 182 1026 ὢ
209 980 582 1036 κατατεχνοτοίτου
613 980 837 1033 κινήματος
855 1011 867 1028 ,
902 979 930 1021 ὢ
957 975 1192 1032 περιάλλων
1253 976 1255 979 ’

273 1065 551 1115 γλωττισμῶν
569 1094 580 1111 ,
616 1061 644 1104 ὢ
675 1064 755 1104 τῶν
786 1059 937 1111 obem
968 1057 1181 1113 φωναρίων
1200 1070 1211 1082 ·

154 1144 188 1188 εἶ
220 1143 254 1187 δ’
279 1144 428 1194 δοτικὴ
460 1142 543 1186 καὶ
574 1146 751 1198 φλῶρα
782 1140 852 1184 καὶ
884 1142 956 1184 οὐκ
987 1139 1146 1196 ᾅδουσα
1173 1138 1231 1182 τοὶ
1259 1140 1467 1193 Σαπφοῦς

273 1223 343 1268 καὶ
374 1223 555 1279 Περσεὺς
586 1223 714 1273 Ἰνδῆς
745 1220 920 1277 ἠράσατ’
951 1219 1237 1275 Ἀνδρομέδας.

36 1305 169 1348 versu
212 1306 394 1365 septimo
445 1305 578 1349 codex
624 1307 776 1360 φλωρα
829 1302 950 1346 nullo
995 1309 1175 1345 accentu
1219 1309 1414 1344 notatum
1461 1309 1503 1344 et

33 1386 154 1437 ὀπικῆ
181 1385 453 1445 corruptelae
478 1394 579 1428 nota
604 1384 749 1428 addita
775 1383 1018 1427 Brunckius
1043 1398 1092 1426 ex
1119 1383 1364 1426 coniectura
1376 1381 1504 1426 *Mar-
1577 1398 1585 1402 ·

35 1467 115 1510 tini
153 1466 325 1525 scripsit
363 1464 512 1519 χλωροὶ
533 1498 547 1515 ,
581 1465 774 1524 pallida
806 1464 1007 1523 idemque
1037 1463 1176 1507 eidem
1205 1463 1329 1514 ὄπική
1364 1462 1502 1506 valere

35 1547 173 1590 visum
195 1555 289 1596 est,
324 1553 372 1588 ut
401 1554 527 1605 poeta
557 1544 664 1588 illud
693 1560 716 1588 e
746 1544 888 1604 lingua
917 1545 1068 1588 Latina
1096 1543 1378 1588 transtulerit.
1441 1543 1505 1587 Ia-

35 1627 203 1671 cobsius
233 1627 429 1670 lectionis
465 1627 522 1668 ita
561 1626 820 1668 constitutae
860 1624 969 1667 hanc
996 1623 1117 1667 dedit
1144 1623 1501 1683 explicationem:

38 1707 127 1753 »Si
155 1707 303 1751 rudior
338 1716 400 1751 est
428 1714 472 1751 et
501 1706 706 1766 pallidior
726 1738 737 1759 ,
771 1706 912 1749 minus
945 1715 1083 1750 tamen
1118 1705 1296 1748 barbara
1333 1713 1395 1749 est
1422 1705 1504 1748 mi·

34 1804 198 1849 nusque
228 1789 400 1833 decolor
445 1803 575 1847 quam
619 1786 942 1832 Andromeda.'’
1009 1788 1128 1844 Quae
1157 1787 1284 1830 verba
1325 1786 1416 1831 fere
1459 1787 1501 1830 in

35 1871 297 1930 vituperium
331 1870 511 1913 amasiae
542 1870 584 1912 in
618 1885 700 1929 qua
736 1870 877 1912 omnia
913 1867 995 1911 alia
1029 1867 1172 1911 laudat
1202 1876 1354 1926 poeta,
1388 1867 1504 1912 dicta

38 1959 190 1996 essent.
255 1952 311 1994 Et
348 1950 664 1995 Andromedam
707 1952 903 1993 novimus
936 1950 1124 2002 fuscam,
1170 1949 1376 2009 pallidam
1421 1965 1505 1992 non

41 2032 172 2086 item;
208 2032 354 2076 confer
379 2031 508 2078 ovid.
543 2032 643 2076 Her.
675 2031 753 2075 XV
773 2065 783 2083 ‚
819 2035 890 2075 35.

160 2112 350 2158 candida
385 2114 418 2156 si
451 2128 535 2156 non
569 2127 661 2155 sum
686 2146 696 2164 ,
731 2112 894 2171 placuit
926 2110 1114 2171 Cepheia
1144 2111 1296 2155 Perseo

285 2192 573 2237 Andromeda.

38 2272 151 2316 Hinc
177 2273 244 2315 vix
282 2271 565 2315 dubitandum
607 2273 788 2326 Φλωρα,
826 2270 940 2330 quod
974 2271 1016 2314 in
1047 2270 1207 2314 Codice
1240 2271 1396 2331 legitur
1419 2287 1511 2316 esse

42 2369 197 2397 nomen
233 2353 421 2414 puellae.
486 2354 540 2397 Et
583 2368 790 2412 quaenam
838 2352 1111 2411 intelligenda
1143 2354 1198 2395 sit
1225 2352 1352 2396 Flora
1384 2369 1510 2397 mon-

39 2434 188 2478 stravit
217 2433 435 2478 Seidlerus
466 2433 685 2476 Plutarch.
722 2433 915 2492 Pompei.
951 2449 996 2493 p.
1027 2435 1113 2476 619
1148 2434 1199 2478 Ε.
1228 2435 1313 2477 647
1340 2433 1392 2478 Β.
1429 2433 1504 2478 he-

40 2521 154 2558 taera
197 2530 350 2575 nempe
397 2515 588 2574 Pompeii
632 2522 770 2558 aetate
812 2514 970 2558 Romae
1013 2514 1275 2558 nobilissima
1308 2516 1508 2559 scriben-

44 2593 143 2639 dum
174 2596 330 2654 igitur:

160 2677 194 2720 εἰ
226 2677 260 2720 δ’
293 2677 448 2727 'On-tuh
479 2681 581 2725 παῖς
616 2679 766 2730 Φλῶρα
794 2676 862 2719 καὶ
895 2678 966 2720 οὐκ
992 2675 1150 2731 ᾄδουσα
1175 2675 1232 2720 τοὶ
1261 2678 1468 2731 Σαπφοῦς

282 2757 350 2802 καὶ
383 2758 562 2812 Περσεὺς
596 2757 720 2807 Ἰνδῆς
749 2755 922 2811 ἠράσατ’
954 2758 1240 2812 Ἀνδρομέδας.

45 2836 182 2882 Persei
219 2840 412 2899 exemplo
453 2855 495 2883 se
540 2838 732 2883 defendit
772 2838 901 2882 homo
935 2833 1121 2883 Graecus
1165 2837 1280 2898 quod
1315 2845 1356 2881 et
1386 2852 1512 2897 pere-

48 2918 207 2975 grinam
252 2931 292 2963 et
333 2921 503 2980 linguae
549 2921 733 2964 Graecae
780 2919 1018 2978 imperitam
1060 2929 1225 2963 caetera
1266 2918 1507 2978 pulcherri-
