1794 3412
645 253 913 294 -171—

53 380 170 438 Quod
198 394 367 424 carmen
402 380 541 422 minus
571 387 684 422 recte
725 378 1011 421 Buttmannus
1038 385 1080 421 et
1109 374 1323 421 lacobsius
1363 375 1504 418 inter-

49 460 204 520 pretati
245 459 440 504 videntur
470 458 523 503 de
560 457 723 518 templo
757 467 800 501 et
830 466 946 502 turre
978 456 1088 502 Beli.
1152 455 1261 501 nihi
1294 454 1366 499 hic
1393 455 1510 499 urbis

50 539 268 599 Tirynthis
306 541 471 584 moenia
509 539 717 584 celebrari
758 537 987 590 videntur,
1028 551 1138 597 quae
1177 535 1382 582 dicuntur
1427 541 1509 581 Ku-

48 621 212 666 κλώπια
246 620 414 677 οὐράνια
439 620 590 675 τείχη,
627 635 705 664 nec
728 619 994 664 dissimiliter
1016 621 1060 664 in
1098 633 1222 664 versu
1255 618 1390 678 ignoti
1423 625 1511 661 tra·

48 703 134 761 gici
162 717 290 762 quem
314 718 363 747 ex
397 702 563 746 duobus
605 699 809 759 Hesychii
844 699 992 760 glossis
1032 700 1200 759 egregie
1237 698 1512 744 concinnavit

50 782 287 828 Meinekius
317 782 445 827 Anal.
479 782 602 827 Alex.
635 797 682 841 p.
715 784 787 827 41.

286 861 492 917 Τιρύνθιον
521 861 757 915 πλίνθευμα
787 861 1023 905 Κυκλώπων
1052 858 1153 910 ἕδος.

0 933 1 943 ¹
48 944 174 988 Paus.
203 943 284 988 VII
303 976 316 995 ‚
350 945 424 988 25.
457 946 502 988 3.
559 940 812 992 Μυκηναίοις
842 942 921 994 μὲν
945 940 1031 995 γὰρ
1057 941 1105 985 τὸ
1137 941 1216 993 μὲν
1245 945 1391 995 τεῖχος
1421 942 1511 986 ἑτε-

46 1021 234 1076 τείχιστο
267 1022 382 1067 κατὰ
419 1021 561 1067 ταῦτα
589 1023 647 1077 τῷ
683 1022 726 1065 ἐν
750 1020 912 1076 Τίρυνθι
944 1022 1024 1066 ὑπὸ
1061 1025 1142 1066 τῶν
1168 1021 1406 1067 Κυκλώπων
1434 1037 1512 1065 κα-

45 1102 262 1156 λουμένων.
328 1103 383 1147 Et
413 1101 478 1146 his
517 1103 709 1163 apprime
742 1102 944 1146 convenit
983 1101 1237 1146 vocabulum
1266 1105 1427 1157 χῶμα,
1461 1110 1513 1147 ut

46 1190 89 1228 et
117 1182 294 1239 φυρηθέν
317 1182 434 1243 quod
459 1181 513 1227 de
540 1198 670 1242 opere
701 1182 876 1229 rudiore
904 1191 994 1228 arte
1033 1183 1149 1228 facto
1175 1183 1411 1228 rectissime
1443 1182 1513 1228 di-

47 1271 164 1307 etum
203 1272 252 1308 ut
282 1263 336 1308 de
375 1264 580 1310 Mercurii
621 1264 808 1324 imagine
847 1262 985 1310 Anth.
1019 1263 1143 1309 Plan.
1175 1278 1216 1309 c.
1243 1265 1346 1312 191.
1377 1263 1512 1314 πηλὸς

47 1343 265 1400 ἐφυράθην.
334 1345 385 1390 ln
419 1343 532 1389 hanc
570 1346 822 1390 sententiam
861 1343 1087 1390 emendavi
1137 1343 1339 1390 ultimum
1387 1344 1512 1388 disti·

47 1425 159 1469 chon
188 1424 304 1485 quod
338 1425 463 1484 vulgo
498 1425 677 1484 legitur=
710 1425 844 1479 δᾶμος
875 1425 942 1472 ἀεὶ
979 1424 1238 1481 μακαριστὸς
1270 1423 1313 1475 ὃς
1339 1423 1514 1470 ἄστεσιν

45 1505 290 1560 Ἡρακλείης
315 1505 503 1561 οὐρανίων
539 1505 693 1562 νεφέων
724 1507 813 1550 κτὲ.
877 1504 1240 1565 Respondendum
1263 1506 1385 1551 enim
1422 1515 1513 1552 erat

48 1585 100 1629 ad
139 1586 407 1645 quaestiones
436 1586 595 1646 quibus
624 1595 752 1646 poeta
794 1586 1034 1632 sciscitatus
1068 1593 1160 1630 erat
1194 1587 1370 1645 quinam
1401 1586 1512 1631 hanc

48 1666 205 1710 molem
249 1668 465 1726 ingentem
506 1666 622 1713 Atho
660 1668 797 1711 monti
824 1666 1120 1727 magnitudine
1157 1682 1304 1727 parem
1345 1677 1512 1713 exstru-

47 1748 220 1794 xissent.
297 1748 432 1793 Athos
473 1749 624 1794 itidem
666 1749 893 1793 altissimus
944 1748 1105 1792 dicitur
1149 1749 1362 1794 montium
1403 1765 1511 1810 quos

46 1828 109 1873 sol
136 1828 351 1888 quadrigis
371 1830 671 1890 supervehitur
697 1845 720 1873 a
746 1829 917 1875 Catullo
945 1845 1093 1874 comae
1127 1846 1184 1876 vs.
1211 1833 1285 1877 44.
1349 1830 1511 1888 Quodsi

44 1923 194 1955 sanum
231 1918 294 1954 est
334 1910 531 1961 ’Λθωέος,
580 1909 812 1970 repetenda
845 1919 910 1954 est
947 1909 1053 1954 haec
1082 1910 1218 1955 forma
1250 1926 1273 1954 a
1306 1911 1510 1956 nomina-

44 1990 132 2035 tivo
172 1991 347 2040 Ἀθωεύς
378 2006 488 2051 quae
531 2006 741 2051 nusquam
783 1999 992 2051 quantum
1029 1992 1120 2036 scio
1153 1991 1257 2037 alibi
1299 1993 1507 2047 occurrit.

45 2070 234 2131 Populus
269 2073 404 2131 igitur
450 2071 700 2131 Tirynthius
741 2071 847 2116 haec
887 2073 1057 2116 moenia
1085 2073 1245 2117 muniri
1283 2082 1510 2119 curaverat

45 2160 91 2195 et
120 2161 267 2211 postea
296 2152 406 2196 hanc
448 2153 774 2211 inscriptionem
807 2151 1034 2196 ruderibus
1062 2151 1196 2197 incidi
1234 2154 1374 2200 iussit.
1438 2155 1512 2200 Ti·

48 2247 150 2290 ryns
175 2232 290 2276 enim
326 2241 389 2275 est
419 2232 521 2275 urbs
547 2231 744 2276 Herculis
762 2265 774 2285 ‚
807 2240 856 2276 ut
878 2219 1085 2276 Hercules
1113 2232 1273 2278 dicitur
1302 2234 1509 2290 Τιρύνθιος

47 2310 192 2365 ἄκμων
234 2328 255 2354 a
295 2311 404 2358 call.
447 2313 573 2358 Dian.
606 2315 706 2358 146.
771 2313 867 2357 Mox
904 2311 1083 2367 οὐράνιον
1121 2314 1342 2359 emendavi
1391 2316 1509 2376 quod

47 2393 309 2452 iungendum
347 2408 445 2437 eum
487 2392 658 2445 τεῦξεν,
693 2402 741 2436 ut
777 2395 820 2437 in
863 2392 1054 2438 dictione
1086 2393 1266 2449 οὐράνιον
1301 2396 1508 2449 ἀναβοᾶν.

50 2473 208 2519 Confer
237 2474 518 2520 Eur.·'rr0ad.
538 2477 641 2519 519.
673 2472 798 2518 ἵππον
823 2474 990 2530 οὐράνια
1018 2475 1245 2531 βρέμοντα.
1282 2477 1356 2523 Ar.
1377 2478 1506 2538 Vesp.

53 2556 184 2602 1483.
230 2556 376 2606 σκέλος
415 2554 595 2610 οὐράνιόν
632 2557 679 2608 γ’
720 2556 986 2612 ἐκλακτίζων.
1033 2560 1165 2604 1520.
1205 2561 1326 2614 ῥῖπτε
1363 2558 1511 2609 σκέλος

48 2635 237 2691 οὐράνιον.
282 2637 407 2683 Phot.
441 2638 544 2683 Lex.
579 2654 617 2681 v.
658 2636 836 2693 οὐράνιον
864 2638 1062 2683 παιδιάν·
1088 2638 1189 2683 ὅταν
1216 2641 1292 2691 τὴν
1324 2643 1511 2696 σφαῖραν

49 2716 104 2766 εἷς
130 2717 198 2760 τὸν
224 2718 385 2773 οὐρανὸν
421 2717 715 2771 ἀναβαλλωσι.
779 2719 943 2779 Sponte
980 2729 1122 2764 autem
1168 2720 1424 2779 intelligitur
1455 2721 1509 2765 ad

55 2800 315 2855 quaestiones
351 2816 452 2859 quas
492 2809 619 2859 poeta
660 2800 794 2844 tribus
824 2800 1016 2845 distichis
1049 2802 1210 2845 fecerat
1241 2802 1509 2860 responden-

56 2877 154 2923 dum
185 2879 342 2931 fuisse,
379 2890 423 2923 ut
459 2880 616 2924 sactum
649 2882 699 2923 ab
734 2880 985 2926 Archemelo
1024 2885 1136 2942 App.
1175 2883 1255 2941 Ep.
1290 2886 1360 2927 15.
