1794 3412
912 272 1175 310 —158—

322 390 433 434 unde
465 389 515 432 ad
545 404 682 432 veram
718 391 940 435 lectionem
978 394 1019 435 in
1053 394 1286 436 Mnasalcae
1327 397 1509 439 carmine
1540 398 1754 439 invemen-

319 466 414 510 dam
443 476 686 525 argumenta
709 467 863 513 ducere
895 483 979 512 non
1018 472 1133 516 licet.
1197 472 1247 515 In
1282 472 1469 516 Phaenni
1510 475 1754 533 inscriptio-

318 547 383 588 nis
413 561 470 590 vs.
503 548 543 593 1.
581 548 727 606 scripsi
758 548 894 597 ανείην
925 564 1003 607 pro
1042 550 1166 598 ἐνείην
1198 558 1240 592 et
1281 549 1466 594 dativum
1511 554 1753 608 Δαμοκρίτῳ

319 625 433 667 iunxi
473 639 567 668 cum
607 626 745 669 verbis
784 628 854 670 τὸν
893 628 1025 680 βαθὺν
1067 627 1171 681 ἆγον
1209 628 1340 673 ὕπνον.
1404 631 1466 674 De
1506 647 1589 690 quo
1627 635 1754 677 etiam

317 702 582 747 Hermannus
618 704 854 751 admonuit.
929 707 1004 751 His
1045 707 1284 752 addendum
1326 710 1469 768 plures
1514 712 1755 770 inscriptio-

317 797 388 825 nes
419 783 462 826 in
493 798 614 827 canes
641 785 827 843 sepultos
859 785 1140 845 Anthologiae
1172 789 1347 831 insertas
1375 798 1418 831 et
1448 788 1610 832 additas
1641 805 1755 844 esse,

288 876 495 919 rquarum
530 862 666 914 duae,
709 864 838 908 altera
883 864 1140 918 Simonidis,
1186 867 1315 910 altera
1359 868 1519 925 Anytes
1558 869 1755 927 leguntur

315 939 429 998 apud
455 941 670 985 Pollucem
694 941 758 996 V,
791 945 862 988 48.
895 945 963 987 καὶ
995 945 1078 998 γὰρ
1106 947 1128 995 ἦ
1159 949 1369 997 Τεγεᾶτις
1399 947 1548 996 'Auzia-n
1579 948 1754 1002 Λοκρίδα

314 1017 431 1069 δόξης
459 1019 755 1072 ἐμπέπληκεν,
787 1022 858 1076 ἐφ’
885 1011 1015 1076 ἥςχτῷ
1049 1022 1173 1077 τάφῳ
1202 1024 1365 1078 φέρουσ’
1401 1025 1637 1080 ἐπέγραψεν
1669 1026 1754 1069 κτὲ.

317 1112 360 1142 v-
393 1097 506 1158 App.
549 1099 631 1158 Ep.
662 1102 688 1143 9
720 1107 762 1143 et
793 1103 896 1145 341.
961 1101 1151 1144 Addatur
1193 1103 1412 1162 inscriptio
1452 1106 1495 1148 in
1535 1105 1754 1150 Welckeri

317 1176 480 1236 Syllog.
513 1191 553 1222 c.
585 1180 683 1223 102.
718 1194 763 1237 p.
796 1181 895 1224 137.

434 1261 606 1309 χρῆμα
637 1256 690 1299 τὸ
722 1258 921 1305 Πανθείας
951 1258 1082 1309 βαιᾶς
1109 1261 1221 1308 κυνὸς
1253 1261 1344 1313 ἠρία
1374 1262 1502 1305 κεύθει

551 1336 704 1384 εὐνοίας
734 1342 908 1390 στοργῆς
936 1336 1059 1386 εἴδεος
1089 1339 1278 1389 ἀγλαΐαν
1294 1373 1306 1389 ,

435 1412 549 1466 κούρη
578 1414 612 1456 δ’
642 1414 768 1467 ἁβρὸν
798 1414 961 1469 ἄθυρμα
991 1418 1150 1460 ποθοῦσ’
1176 1419 1334 1460 ἐλεεινὼ
1357 1419 1516 1472 δακρύει

551 1493 625 1540 τὴν
653 1494 853 1546 τροφίμην
879 1494 1026 1547 φιλίας
1049 1500 1221 1545 μνῆστιν
1251 1495 1388 1549 {zoua-⁹
1414 1498 1578 1551 ἀτρεκῆ.

316 1570 364 1613 In
397 1584 480 1627 qua
506 1571 783 1629 inscriptione
823 1572 1003 1630 eleganti
1031 1574 1234 1617 suavitate
1265 1574 1434 1617 condita
1476 1575 1587 1618 haud
1628 1575 1754 1620 dubie

315 1649 607 1707 coniungenda
658 1659 785 1697 sunt:
835 1652 926 1705 ἠρία
966 1653 1095 1696 κεύθει
1141 1654 1330 1704 ἀγλαΐαν
1371 1654 1521 1704 εἴδεος,
1569 1655 1749 1708 εὐνοίας,

314 1735 503 1782 στοργῆς.
566 1729 840 1773 Accusativus
875 1731 1003 1789 igitur
1030 1732 1219 1782 ἀγλαΐαν
1256 1731 1395 1776 redire
1431 1733 1661 1777 censendus
1688 1735 1754 1778 fo·

314 1815 379 1850 ret
406 1806 457 1850 ad
485 1808 651 1850 initium
679 1814 826 1862 χρῆμα
851 1810 899 1852 τό
915 1843 927 1859 ,
963 1825 1071 1868 quae
1101 1811 1227 1854 verba
1254 1827 1348 1854 sana
1380 1813 1464 1855 visa
1496 1822 1593 1856 sunt
1629 1812 1752 1857 Wel-

314 1888 458 1931 ckero.
518 1886 601 1930 Sed
641 1888 699 1930 ita
732 1889 1044 1932 constructione
1082 1891 1307 1934 ver-borum
1337 1891 1556 1935 durissima
1586 1892 1751 1936 locutus

314 1974 420 2009 esset
452 1974 575 2024 poeta
596 1997 607 2016 ,
642 1980 772 2023 quare
804 1972 954 2020 χρῆμα
983 1967 1033 2009 τό
1058 1978 1306 2027 corruptum
1340 1971 1535 2021 videtur,
1568 1980 1610 2015 at
1638 1972 1749 2017 idem

315 2046 396 2087 nisi
432 2045 561 2103 ipsius
590 2044 740 2102 lapidis
777 2037 1035 2089 auctoritate
1062 2046 1128 2089 vix
1159 2047 1345 2090 sanabile
1381 2048 1535 2094 dicam.

326 2115 332 2118 ’
374 2123 490 2167 Inter
517 2132 661 2182 poetas
690 2138 868 2181 quorum
893 2125 1078 2167 carmina
1109 2126 1152 2168 in
1185 2126 1485 2185 Anthologiam
1518 2143 1632 2171 suam
1661 2129 1750 2171 col-

312 2204 417 2261 legit
461 2203 702 2261 Meleager,
748 2203 932 2262 optimus
973 2203 1084 2246 haud
1129 2203 1258 2249 dubie
1297 2215 1359 2250 est
1397 2206 1632 2251 Simonides
1674 2209 1748 2266 qui

312 2297 478 2326 omnem
518 2280 804 2340 inscriptionis
845 2282 1022 2325 formam
1064 2299 1088 2326 a
1127 2283 1303 2328 rudibus
1343 2287 1575 2344 profectam
1615 2287 1747 2330 initiis

312 2362 355 2404 in
387 2376 572 2405 summae
598 2362 695 2404 artis
721 2360 1006 2404 moderamina
1033 2364 1168 2421 coegit
1194 2372 1235 2406 et
1263 2364 1531 2408 dulcedinem
1566 2374 1745 2409 sectatus

313 2442 356 2484 in
384 2449 631 2499 argumento
661 2439 810 2499 grandi
847 2441 972 2483 verba
1013 2442 1102 2500 ipsa
1135 2443 1351 2501 ingeniosa
1390 2444 1433 2487 in
1467 2444 1637 2488 brevem
1667 2461 1747 2503 gy-

311 2535 403 2563 rum
434 2522 668 2571 contraxit,
702 2519 828 2562 verbo
856 2520 1107 2573 ἐπίγραμμα
1137 2522 1304 2576 πρίνινον
1327 2523 1367 2571 ἐς
1393 2522 1564 2577 χρύσεον
1593 2530 1745 2577 σχῆμα

308 2598 605 2652 μεθηρμόσατο.
667 2599 783 2642 Inter
815 2600 1063 2657 posteriores
1096 2602 1265 2658 optimis
1289 2603 1589 2646 annumerandi
1622 2618 1745 2662 prae·

313 2687 376 2722 ter
402 2679 535 2737 ipsum
574 2678 831 2737 Meleagrum
864 2678 1072 2722 Leonidas
1108 2679 1358 2723 Tarentinus
1389 2691 1430 2724 et
1461 2681 1742 2725 Callimachus

311 2759 576 2816 CyrenaeuS,
609 2772 713 2817 quos
738 2758 819 2802 iam
853 2759 1037 2817 ipsorum
1070 2767 1257 2802 veterum
1297 2759 1455 2802 iudicio
1494 2763 1673 2820 optimos
1699 2764 1742 2804 in

310 2837 388 2881 hac
415 2838 631 2881 literarum
661 2846 778 2895 parte
808 2836 972 2881 habitos
999 2854 1083 2883 esse
1118 2840 1340 2898 scriptores
1371 2840 1572 2886 videmus.
1634 2842 1740 2886 Leo—
