1794 3412
457 398 529 445 Μὴ
553 396 604 438 σύ
631 411 706 446 γε,
741 395 834 447 μηδ’
858 396 895 439 εἲ
915 414 974 440 τοι
1003 400 1108 441 πολὺ
1134 399 1323 454 φέρτερος
1348 402 1465 457 εἴδετ’
1488 406 1563 447 ἀπ’
1588 406 1712 448 ὅσσων

573 476 852 531 Ἀμφοτερὸς,
887 482 1043 521 κλεινοῦ
1071 481 1173 532 Κῦρε
1201 483 1529 533 Μεγιστοκλέους
1555 487 1639 528 κτὲ.

339 553 526 607 Quorum
556 554 726 612 singulis
768 557 1070 599 tentaminibus
1106 573 1188 600 non
1226 573 1329 616 opus
1366 576 1451 604 esse
1487 571 1606 619 puto.
1670 564 1772 607 Iun-

335 630 467 688 genda
493 633 603 675 enim
634 631 828 677 videntur
863 635 1017 682 verba:
1065 641 1221 680 κλεινοῦ
1261 641 1372 692 κοῦρε
1411 642 1768 691 Μεγιστοκλέους,

339 725 417 767 qua
448 710 691 768 paraphrasi
717 715 960 757 enunciavit
980 723 1104 773 poeta
1128 715 1207 758 filii
1229 731 1380 760 nomen
1407 721 1770 770 Μεγιστοκλείδης.

335 788 483 847 Neque
509 790 752 846 ἀμφοτέρων
794 794 904 836 iners
933 803 994 836 est
1035 794 1252 838 oculorum
1287 796 1506 854 epitheton
1528 831 1539 849 ,
1574 807 1620 840 ut
1658 809 1773 857 patet

335 883 383 911 ex
409 869 576 913 dicendi
616 871 795 914 formula
837 873 930 925 ὁρᾶν
963 873 1238 927 ἀμφοτέροις,
1273 875 1385 934 quod
1422 877 1571 920 Latine
1616 879 1772 922 dicitur

337 948 581 990 »ambobus
612 949 744 992 oculis
769 950 928 1008 aliquid
957 955 1189 1004 cernere‚''
1226 963 1270 996 ut
1297 953 1465 999 Gallim.
1500 957 1551 1001 Α.
1581 957 1629 1001 Ρ.
1660 957 1772 1008 XII,

335 1029 408 1070 71.
441 1029 485 1072 6.
516 1027 584 1069 τὸν
605 1027 756 1076 καλὸν,
787 1027 1019 1083 ὦμόχθηρ’,
1049 1030 1228 1083 ἔβλεπες
1252 1033 1524 1087 ἀμφοτέροις,
1559 1035 1615 1079 cl.
1638 1034 1771 1079 Anth.

335 1104 454 1150 Plan.
484 1106 587 1148 258.
620 1109 662 1150 4.
709 1108 822 1149 τείνω
858 1107 1040 1160 βλέμμα
1078 1109 1245 1152 διπλοῦν
1278 1111 1373 1165 πρὸς
1415 1112 1526 1165 ὅρος,
1574 1121 1616 1156 et
1647 1127 1771 1171 quem

326 1183 547 1226 ·1acobsius
575 1186 752 1236 citavit,
785 1186 981 1230 Stratone
1013 1187 1123 1240 XII,
1162 1191 1258 1233 196.
1296 1193 1336 1234 4.
1369 1189 1490 1239 οὕτως
1519 1192 1770 1244 ἀστράπτεις

332 1261 513 1314 ὄμμασιν
535 1263 809 1317 ἀμφοτέροις,
845 1266 945 1309 item
980 1266 1147 1310 Catullo
1182 1270 1280 1312 103.
1315 1271 1356 1313 2.

1054 1346 1163 1389 male
1193 1346 1334 1390 dicere
1366 1349 1474 1391 vitae

451 1422 657 1464 ambobus
689 1422 793 1465 mihi
826 1437 935 1480 quae
964 1425 1100 1467 carior
1129 1434 1190 1467 est
1221 1427 1382 1472 oculis.

335 1498 457 1543 Unde
489 1502 533 1543 in
564 1500 644 1542 hoc
680 1501 816 1544 Zonae
854 1516 975 1544 versu
1007 1503 1244 1560 corrigam:
1289 1505 1394 1547 πολὺ
1426 1505 1618 1559 φίλτερος
1646 1505 1769 1548 ὄσσων

330 1577 601 1632 ἀμφοτέρων,
651 1589 698 1621 ut
745 1579 852 1624 Call.
900 1580 1024 1625 Dia'n.
1065 1585 1166 1627 211.
1214 1585 1344 1633 καλὴν
1394 1584 1650 1627 Ἀντίκλειαν
1689 1584 1770 1628 ἴσον

330 1657 506 1711 φαέεσσι
534 1662 727 1713 φιλῆσαι.
775 1659 955 1704 Theocr.
983 1660 1042 1704 XI
1064 1694 1074 1712 ,
1111 1665 1180 1706 53.
1217 1662 1377 1707 Mosch.
1406 1664 1491 1714 lv,
1527 1667 1569 1709 9.
1602 1664 1669 1707 τὸν
1694 1665 1770 1716 μὲν

326 1736 406 1786 ἐγὼ
449 1737 607 1781 τίεσκον
645 1738 728 1780 ἴσον
757 1737 956 1792 φαέεσσιν
1001 1740 1166 1791 ἐμοῖσιν.
1229 1741 1312 1785 Sed
1345 1742 1400 1784 ita
1430 1741 1580 1801 εἴδεται
1619 1759 1766 1801 parum

330 1826 476 1873 aptum
509 1824 600 1867 est,
643 1832 720 1875 pro
751 1831 836 1874 quo
879 1818 1047 1863 malim:
1082 1819 1252 1873 ᾅδεται,
1302 1820 1383 1863 hoc
1415 1836 1560 1865 sensu:
1606 1823 1768 1865 etiamsi

331 1895 411 1936 tibi
445 1904 664 1954 poetarum
708 1911 826 1938 more
865 1897 1068 1939 ambobus
1110 1899 1241 1941 oculis
1273 1901 1408 1942 carior
1437 1898 1524 1944 esse
1556 1916 1578 1944 a
1607 1910 1647 1945 te
1675 1903 1766 1962 ipso

329 1972 494 2017 dicatur
527 1973 705 2032 pulcher
737 1974 810 2017 ille
841 1975 1017 2019 iuvenis.
1083 1977 1147 2019 Ad
1179 1993 1239 2020 vs.
1261 1981 1303 2021 3.
1337 1979 1482 2022 confer
1511 1979 1690 2026 Theocr.
1718 1982 1766 2032 I,

333 2054 430 2098 150.
493 2054 628 2106 Ὠροῖν
673 2052 907 2096 πεπλύσθαι
950 2069 1007 2097 νιν
1038 2055 1104 2098 ἐπὶ
1144 2055 1328 2109 κροίναισι
1369 2057 1562 2107 δοκησεῖς.
1609 2059 1763 2105 Rhian.

329 2133 384 2177 A.
406 2132 453 2176 P.
485 2132 567 2175 XII
587 2164 597 2182 ,
632 2133 706 2176 38.
760 2130 901 2186 ΥΩραί
930 2147 990 2175 σοι
1030 2132 1200 2187 Χάριτές
1237 2151 1282 2176 τε
1320 2136 1432 2178 κατὰ
1468 2137 1604 2187 γλυκὺ
1633 2140 1766 2191 χεῦαν

325 2210 460 2254 ἔλαιον
492 2219 534 2254 et
561 2209 612 2253 ad
656 2227 714 2255 vs,
749 2216 791 2255 5.
826 2221 869 2255 et
896 2211 1023 2254 verba
1060 2213 1195 2265 μέλων
1225 2220 1411 2258 πολλοῖσι
1457 2218 1676 2259 Anacreon
1709 2218 1763 2262 fr.

326 2292 395 2333 93.
429 2288 573 2344 ὦραννε
600 2290 647 2340 δὴ
678 2290 798 2341 λίην,
838 2296 1026 2335 πολλοῖσι
1060 2292 1143 2346 γὰρ
1180 2293 1333 2345 μέλεις.
1384 2287 1562 2341 Theocr.
1595 2296 1763 2349 XXVI,

323 2373 397 2414 35.
429 2369 633 2425 ἀδελφεαὶ
665 2371 798 2419 αὐτοῖς
829 2371 1035 2423 Καδμεῖαι
1067 2377 1233 2421 πολλοῖς
1260 2374 1546 2427 μεμελημέναι
1579 2377 1761 2429 ἧρωῖναι,

325 2457 372 2491 ut
404 2456 518 2491 recte
545 2449 739 2493 codicum
769 2450 969 2494 lectiones
994 2451 1231 2495 emendavit
1263 2452 1466 2497 Graefius.
1513 2455 1582 2498 Vs.
1611 2458 1653 2498 5.
1684 2471 1762 2513 pro

321 2527 594 2583 οὶμφιδοναίης
625 2530 863 2572 Brunckius
893 2546 940 2573 ex
971 2531 1163 2588 pluribus
1196 2532 1445 2590 apographis
1475 2533 1762 2588 οὶμφιδοκεύοις

326 2607 532 2666 probante
576 2608 804 2653 Meinekio.
869 2609 1075 2667 Equidem
1120 2611 1381 2665 ἀμφιδονοίης
1426 2613 1618 2670 praefero
1648 2612 1761 2669 quod

324 2688 491 2746 linguae
539 2686 754 2746 postulant
798 2687 909 2748 leges
954 2697 995 2731 et
1036 2690 1352 2732 commendatur
1392 2706 1411 2732 a
1457 2691 1626 2733 lenitate
1668 2705 1759 2733 mu-

323 2768 505 2812 tationis.
582 2766 716 2825 quue
758 2768 930 2810 verbum
975 2769 1235 2827 aptissimum
1282 2770 1367 2812 sive
1420 2770 1640 2827 imaginem
1689 2769 1758 2812 de·

321 2855 529 2906 sumptam
560 2856 679 2904 putes
708 2846 759 2889 ab
790 2848 936 2906 apibus
967 2864 1075 2906 quae
1104 2849 1262 2892 circum
1294 2850 1414 2892 flores
1446 2857 1642 2907 vagantur
1672 2850 1758 2893 sive
