1794 3412
919 260 1180 298 -152—

454 375 505 418 αἵ
527 379 560 419 οἱ
592 377 656 418 ἐπ’
686 378 907 431 ἀνθρώπους
936 379 1207 430 ὄνομάκλυτον
1240 380 1409 430 ἀγλαάν
1441 399 1486 425 τε
1515 382 1627 424 νίκαν
1647 414 1660 431 ,

566 459 726 498 Μοισᾶν
751 456 867 500 ἕκατι
898 459 1022 508 θῆκαν
1047 459 1296 514 ἰοστεφάνων
1326 460 1462 503 θεάων.

332 532 577 576 Rectissime
608 533 795 579 dictum:
831 536 1104 588 ὅνομάκλυτον
1134 539 1199 580 ἐπ’
1225 539 1445 591 ἀνθρώπους
1475 540 1613 589 νίκαν,
1647 538 1764 598 quod

330 618 487 653 temore
525 612 590 655 vel
621 613 786 671 vulgata
822 615 1002 659 lectione
1038 625 1197 659 servata
1237 617 1280 658 in
1323 617 1509 661 dativum
1548 619 1761 672 ἀνθρώποις

326 691 505 734 mutavit
536 692 788 737 Brunckius.
853 695 1030 738 Dativus
1070 696 1135 738 ἐπ’
1167 696 1379 750 ἀνθρώποις
1420 697 1623 754 significat
1670 699 1758 740 »in

326 784 469 813 rerum
512 779 659 814 natura
679 775 725 823 ‚’'
768 782 814 816 ut
859 774 901 816 in
943 774 1070 818 Hom.
1115 774 1198 820 Od.
1229 775 1364 827 XIII,
1398 778 1470 818 60.
1519 781 1648 829 γῆρας
1690 777 1759 819 καὶ

326 847 497 898 θάνατος
515 883 527 899 ,
559 850 616 893 τά
642 855 681 894 τ’
708 853 773 894 ἐπ’
798 854 1032 907 ἀνθρώποισι
1062 854 1279 904 πέλονται,
1314 856 1343 900 i.
1373 870 1411 899 e.
1445 868 1550 913 quae
1580 854 1760 898 humana

326 936 436 986 sunt.
470 927 649 974 Theocr.
675 930 763 982 XI,
798 934 839 976 3.
874 935 1022 987 κοῦφον
1052 932 1096 975 δέ
1126 949 1165 975 τι
1193 937 1310 976 τοῦτο
1337 933 1405 976 καὶ
1435 932 1511 976 άδύ
1535 934 1665 984 γίνετ’
1694 935 1760 976 ἐπ’

785 1011 1020 1027 ,,,,,

324 1086 380 1130 A.
426 1088 551 1139 ὄνομα
591 1089 656 1130 ἐπ’
699 1090 910 1143 ἀνθρώποις
956 1089 1141 1138 ἐναντίως
1182 1089 1323 1143 ἔχουσι
1370 1091 1562 1141 κείμενον.
1606 1091 1755 1151 Symp.

325 1180 372 1223 p.
404 1167 483 1208 186
515 1166 568 1210 A.
631 1167 784 1210 Versus
823 1168 866 1210 in
906 1168 1076 1211 Hesiod.
1110 1177 1151 1210 et
1190 1169 1316 1216 Hom.
1351 1169 1465 1213 Cert.
1509 1185 1554 1228 p.
1579 1171 1679 1214 248.
1714 1173 1757 1216 9.

323 1250 396 1294 τῆς
422 1245 568 1300 σοφίης
595 1245 635 1288 δὲ
661 1247 705 1288 τί
725 1246 885 1301 τέκμαρ
914 1248 980 1290 ἐπ’
1007 1248 1240 1302 ἀνθρώποισι
1270 1247 1476 1302 πέφυκενς
1513 1249 1562 1305 Q.
1588 1249 1757 1308 Smyrn.

325 1324 375 1375 1,
411 1327 511 1376 418,
543 1326 586 1368 τί
611 1326 644 1368 δ’
668 1327 733 1369 ἐπ’
765 1326 931 1380 ἀνδράσι
961 1329 1076 1370 λώϊον
1100 1325 1208 1369 ἄλλο
1235 1328 1328 1376 θῆκε
1365 1327 1478 1377 θεόςς
1526 1327 1608 1371 Sed
1635 1343 1757 1372 accu-

324 1405 479 1446 sativus
505 1406 675 1464 proprie
697 1405 855 1448 dicitur
881 1406 933 1448 de
962 1407 1070 1448 fama
1096 1421 1172 1463 per
1199 1421 1341 1449 omnes
1367 1406 1558 1451 homines
1590 1423 1755 1466 sparsa,

325 1490 373 1524 ut
414 1483 455 1524 in
500 1483 675 1527 Homer.
716 1483 769 1527 ΙΙ.
802 1482 870 1534 X,
905 1486 1007 1528 212.
1050 1483 1167 1535 μέγα
1210 1484 1276 1527 κέν
1305 1485 1340 1527 οἱ
1373 1484 1602 1540 ὑπουράνιον
1643 1487 1758 1536 κλέος

320 1560 382 1609 εἴη
409 1559 572 1610 πάντας
605 1563 670 1604 ἐπ’
707 1562 944 1615 ἀνθρώπους.
986 1562 1226 1607 Mimnerm.
1271 1562 1326 1608 fr.
1357 1566 1424 1606 15.
1472 1564 1544 1608 καί
1582 1581 1652 1617 μιν
1691 1566 1757 1609 ἐπ’

319 1640 542 1693 ἀνθρώπους
574 1640 699 1692 βάξις
731 1640 820 1694 ἔχει
852 1642 1039 1694 χαλεπή.
1102 1641 1224 1686 Unde
1263 1642 1514 1700 intelligitur
1555 1645 1597 1687 in
1638 1645 1756 1689 Arati

321 1735 382 1764 vs.
416 1723 541 1763 1036.
573 1721 616 1763 τί
640 1737 698 1763 τοι
727 1721 837 1772 λέγω
861 1719 964 1764 ἕσσα
994 1720 1189 1764 πέλονται
1219 1722 1374 1773 σήματ’
1405 1723 1470 1765 ἐπ’
1501 1724 1753 1778 ἀνθρώπους;

321 1800 588 1843 scribendum
631 1815 716 1843 esse
753 1802 819 1843 ἐπ’
852 1802 1086 1854 ἀνθρώποις.-
1144 1801 1193 1843 In
1237 1817 1355 1844 versu
1402 1802 1550 1846 ultimo
1594 1804 1752 1850 codex:

321 1881 445 1928 θῆκαν
472 1879 722 1933 ἰοστεφάνων
755 1881 848 1922 θεάν
875 1879 991 1922 ἕκατι
1014 1883 1176 1922 Μοισᾶν
1193 1915 1205 1930 ,
1241 1896 1347 1939 quae
1373 1883 1416 1924 in
1441 1897 1580 1925 versus
1607 1899 1755 1928 nume-

320 1974 388 2001 ros
416 1940 553 2015 coegit
583 1958 743 2000 Neuius
763 1992 772 2009 ‚
807 1973 933 2016 quem
966 1966 1130 2000 secutus
1160 1968 1221 2002 est
1248 1957 1481 2016 Bergkius.
1545 1963 1750 2020 Equidem

279 2083 282 2085 ,
319 2040 481 2081 Μοισᾶν
504 2036 619 2080 ἕκατι
651 2038 859 2096 praetuli,
894 2039 1126 2095 postposito
1167 2037 1218 2081 de
1247 2053 1363 2081 more
1392 2039 1646 2084 Graecorum
1679 2042 1752 2084 ad-

318 2118 482 2161 verbio.

378 2197 556 2254 Propter
583 2196 799 2238 victoriam
826 2196 868 2238 in
897 2197 1124 2239 certamine
1152 2198 1336 2255 equestri
1360 2206 1612 2256 reportatam
1639 2200 1753 2258 Tyn-

320 2275 475 2318 daridis
511 2289 662 2317 munus
693 2274 904 2318 obtulerat
944 2275 1210 2326 Euaenotus,
1243 2276 1285 2318 in
1319 2276 1436 2319 cuius
1467 2278 1641 2335 gratiam
1687 2279 1751 2322 in-

319 2355 588 2413 scriptionem
632 2355 871 2413 composuit
924 2354 1234 2407 Callimachus,
1282 2357 1420 2398 nativo
1463 2358 1642 2402 candore
1685 2359 1751 2402 in-

320 2436 477 2492 signem
509 2435 560 2476 A.
591 2434 639 2477 P.
665 2433 722 2476 Vl
745 2466 755 2484 ,
793 2436 891 2476 149.

437 2511 560 2560 Φησὶν
590 2509 614 2552 ὅ
639 2527 693 2562 με
724 2512 879 2561 στήσας
911 2513 1127 2561 Εὐαίνετος
1151 2538 1211 2549 —-
1237 2516 1280 2557 οὗ
1311 2513 1394 2567 γάρ
1424 2514 1584 2567 ἔγωγε·

553 2585 764 2641 γιγνώσκω
787 2615 846 2622 —
865 2590 972 2639 νίκης
1000 2590 1095 2634 ἀντί
1122 2609 1175 2643 με
1207 2598 1279 2642 τῆς
1306 2593 1402 2642 ἰδίης

434 2670 650 2720 ἀγκεῖσθαι
676 2669 874 2722 χάλκειον
900 2670 1101 2723 ἀλέκτορα
1132 2671 1416 2726 Τυνδαρίδῃσι·

552 2747 727 2792 πιστεύω
762 2751 928 2803 Φαίδρου
960 2749 1072 2792 παιδὶ
1106 2750 1372 2801 Φιλοξενίδεω.
1646 2803 1647 2806 ¹

316 2831 375 2872 Ex
409 2828 741 2885 Tyndaridarum
777 2831 1013 2881 mentione,
1047 2831 1112 2873 cui
1153 2831 1295 2874 confer
1320 2831 1437 2877 Pind.
1474 2832 1541 2878 Ol.
1571 2833 1667 2885 III,
1705 2835 1744 2878 l.
