1794 3412
675 204 881 241 —ssffl

40 332 119 373 cti.
184 327 266 373 Sed
311 326 426 387 quod
468 326 578 370 idem
614 325 791 380 δεισόζου
839 327 1140 384 interpretatus
1182 334 1275 368 est:
1327 321 1507 367 stercus

44 411 244 460 olentis,
292 424 315 452 a
346 408 464 452 δεῖσαι
501 413 714 460 stercus,
755 405 796 450 id
834 414 922 450 tum
964 405 1135 450 demum
1168 405 1365 464 cuiquam
1402 419 1503 463 pro·

44 491 136 534 bari
176 490 342 550 possit,
391 503 526 548 quum
570 487 907 532 demonstratum
953 487 1085 530 fuerit
1127 486 1311 531 Graecos
1352 485 1503 528 dixisse

42 570 178 625 εὔοζος
205 586 285 630 pro
315 569 484 622 εὔοδμος
517 578 560 612 et
591 569 753 618 εὐώδης.
820 567 972 626 Neque
1011 565 1350 625 hoc²probatum
1386 565 1502 609 Her-

43 666 200 695 manno
218 684 230 704 ‚
266 652 341 710 qui
379 649 580 693 audacius
611 650 757 700 oaxm’
788 648 1006 691 ὅνειδιστοῦ
1047 647 1280 690 coniecisse
1315 644 1500 689 videtur.

44 733 137 776 Hoc
164 745 298 775 unum
324 730 451 775 video
481 730 644 774 nomini
676 727 853 783 κεφαλά
885 728 1142 771 adiectivum
1169 726 1413 770 addendum
1438 742 1506 771 es-

0 794 1 801 *
44 828 117 866 se;
153 811 258 872 quid
286 826 383 855 vero
409 809 700 869 reponendum
727 810 785 852 sit
813 808 1078 851 divinatione
1107 809 1272 866 assequi
1302 823 1386 851 non
1419 822 1504 866 po-

43 893 122 938 tui.
185 892 264 935 Per
296 890 434 934 lusum
462 889 655 934 conieci:
700 890 796 939 θῆκε
822 887 1113 940 δυσοδμοτάτοι
1153 887 1335 941 Δωριέως
1368 892 1503 943 κεφα-

0 1004 1 1018 ,
39 971 112 1016 λά.
181 971 406 1016 Caeterum
451 986 537 1014 non
578 969 866 1030 improbabile
904 968 1073 1013 videtur
1114 967 1349 1013 Leonidam
1399 969 1503 1012 haec

40 1053 252 1113 scripsisse
280 1053 323 1096 in
351 1052 559 1097 Dorieum
579 1042 750 1111 poetam
769 1084 780 1103 ‚
808 1051 927 1094 cuius
951 1039 1214 1109 epigramma
1231 1049 1403 1094 Milonis
1418 1058 1503 1093 sta-

41 1142 139 1178 tuae
167 1133 426 1193 inscriptum
453 1130 755 1190 ex'Phylarchi
781 1130 902 1174 libris
925 1131 1151 1191 descripsit
1175 1129 1420 1175 Athenaeus
1437 1130 1474 1174 X
1491 1164 1501 1180 ‚

42 1217 126 1258 413
170 1215 225 1259 A.
289 1213 364 1258 Vs.
405 1215 424 1256 1
470 1211 633 1256 codex:
682 1212 944 1267 φιλευχείλῳ
982 1229 1030 1256 τε
1067 1213 1333 1267 Λαφυγμῷ,
1387 1212 1505 1271 quod

40 1296 85 1338 in
114 1293 376 1349 φιλευλείχῳ
408 1294 589 1337 mutavit
617 1293 876 1337 Bruncki'u‘s.
910 1294 967 1337 At
998 1292 1082 1336 hoc
1103 1292 1364 1348 φιλευλοίχῳ
1396 1294 1505 1336 scri-

40 1374 227 1420 bendum
258 1375 389 1418 fuisse
417 1382 532 1419 recte
557 1375 725 1418 monuit
755 1364 996 1418 L'obeckius
1020 1373 1183 1432 Plu-yn.
1217 1390 1260 1433 p.
1281 1377 1384 1420 573.
1418 1373 1500 1418 Sed

39 1471 94 1499 ne
123 1456 182 1498 sic
206 1455 379 1514 quidem
405 1455 654 1499 adverbium
678 1452 733 1499 ἐὖ
764 1462 870 1498 euni
889 1446 1077 1508 λείχειν,
1107 1455 1371 1514 ligurrire,
1396 1455 1503 1500 mihi

41 1535 150 1579 bene
177 1535 293 1578 coire
319 1533 504 1579 videtur.
557 1534 660 1590 Qua
691 1527 747 1577 de
767 1528 900 1577 *causa
925 1535 1078 1593 scripsi
1108 1534 1373 1590 φιλευχύλῳ.
1409 1536 1504 1580 Nisi

41 1615 160 1659 malis
184 1613 455 1669 φιλευχύμῳ.
502 1608 748 1673 Utrumque
777 1615 891 1658 enim
922 1615 1188 1673 aptissimum
1217 1629 1352 1674 quum
1379 1631 1504 1676 saepe

39 1695 128 1740 cibi
156 1694 386 1739 laudentur
412 1693 587 1748 εὔχυλοι
618 1692 662 1738 et
688 1693 881 1748 εὔχυμοι.
933 1689 1007 1740 Vs.
1035 1698 1063 1739 3
1093 1695 1226 1739 codex
1253 1695 1500 1753 κυάστορσις.

42 1774 165 1833 Quod
197 1775 262 1819 de
279 1776 436 1835 Toupii
466 1776 676 1819 sententia
706 1776 749 1819 in
780 1775 1092 1829 κυτογάστοροις
1125 1785 1356 1823 mutatum.
1417 1778 1501 1824 Sed

38 1872 86 1901 ex
111 1856 210 1916 ipsis
239 1857 291 1899 iis
315 1871 425 1916 quae
463 1855 515 1899 ad
553 1854 709 1915 Toupii
737 1855 1026 1900 coniecturam
1057 1856 1308 1901 firmandam
1344 1858 1397 1901 ad
1427 1875 1504 1903 no-

37 1947 175 1982 strum
221 1931 363 1981 locum
422 1936 568 1980 attulit
610 1937 829 1980 Iacobsius
875 1936 1010 1982 Anth.
1064 1938 1153 1983 Pal.
1201 1955 1247 1999 p.
1276 1941 1364 1984 203
1408 1955 1501 1985 eam

37 2019 211 2079 probari
235 2035 320 2063 non
345 2034 465 2079 posse
502 2018 654 2078 liquet.
710 2018 828 2062 Nam
860 2033 992 2078 quum
1023 2019 1144 2069 κύτος
1175 2020 1357 2075 γαστρός
1390 2038 1500 2065 ven-

41 2106 154 2142 trem
183 2115 340 2142 cavum
367 2098 588 2151 indicent,
622 2107 815 2157 apertum
846 2108 908 2142 est
939 2099 1160 2159 epitheton
1188 2101 1500 2157 κυτογάστορας

41 2181 121 2223 nisi
153 2181 277 2238 plane
309 2181 503 2238 ineptum
541 2188 657 2222 certe
685 2179 808 2223 valde
846 2181 1026 2224 otiosum
1059 2197 1172 2235 esse,
1208 2198 1341 2242 quum
1374 2200 1500 2228 nemo

38 2262 204 2318 ignoret
243 2268 432 2304 ventrem
475 2259 600 2303 aheni
638 2274 926 2305 cavum-esse.
991 2261 1095 2305 Ideo
1131 2263 1289 2307 malui:
1335 2265 1499 2317 βουγά-

38 2357 198 2394 crepas.
266 2342 326 2386 Ut
365 2329 506 2400 An'yte
547 2341 654 2384 dixit
694 2343 747 2385 A.
779 2341 826 2386 P.
869 2342 952 2394 VI,
991 2344 1091 2386 153.
1129 2346 1169 2387 1.
1211 2344 1449 2399 βουχοινδὴς
1481 2349 1500 2390 ὂ

38 2422 166 2474 λέβης
199 2431 242 2466 et
275 2421 561 2467 Callimachus
594 2423 636 2465 in
669 2423 888 2481 Excerptis
924 2423 1036 2483 apud
1066 2424 1280 2470 Gaisford.
1314 2426 1364 2469 ad
1397 2429 1498 2474 EM.

39 2519 84 2562 Ρ.
120 2505 250 2548 1156.
285 2504 335 2548 B.

159 2582 328 2634 ἄξονται
361 2584 396 2627 δ’
419 2585 501 2638 οὐχ
533 2581 657 2627 ἵππον
684 2582 868 2633 ἀέθλιον,
902 2586 946 2627 οὐ
978 2585 1056 2636 μὲν
1087 2587 1222 2639 ἐχῖνον

216 2721 226 2734 ι
277 2664 482 2717 βουδόκον.

41 2743 120 2788 Sed
155 2746 329 2790 fortasse
376 2763 460 2791 non
494 2747 673 2792 deerunt
718 2746 875 2805 quibus
912 2747 1068 2790 rectius
1112 2746 1195 2789 hoc
1241 2749 1496 2794 vocabulum

45 2825 244 2884 explicari
279 2828 468 2873 videatur
503 2845 550 2873 ex
575 2828 783 2874 similibus
817 2828 939 2878 aliis,
976 2837 1022 2871 ut
1063 2828 1242 2878 βούπαις
1275 2830 1495 2882 (ὑπ-ἄλλων,
