1794 3412
850 265 1112 305 —194—

275 400 318 430 c.
342 389 416 430 92.
459 386 583 444 plane
625 395 669 427 ut
712 385 913 428 Leonidas
958 384 1264 428 Alexandrinus
1303 387 1443 447 Pappo
1473 386 1565 440 lx,
1600 391 1702 431 353.
1738 368 1741 375 .

275 474 318 507 et
350 466 572 523 Antipater
606 465 781 506 carmini
811 479 895 522 quo
934 463 1076 507 Bessos
1102 479 1124 506 a
1153 465 1351 508 Romanis
1384 467 1570 511 devictos
1595 467 1706 510 cele·

278 544 410 585 bravit
438 543 639 601 praelusit
672 543 971 601 epigrammate
1013 552 1172 586 servato
1195 543 1283 594 IX,
1320 545 1418 589 428.
1451 554 1492 588 et
1521 546 1706 589 Lucilius

275 621 328 663 ad
371 620 582 664 Neronem
628 623 832 680 scriptum
883 621 1040 663 librum
1087 620 1314 664 secundum
1361 623 1704 681 epigrammatum

274 699 487 743 dedicavit
515 701 576 744 IX
597 733 608 750 ,
643 703 745 746 572.
808 701 872 743 Ita
909 698 1386 764 Dionysii'tgrammatici
1413 701 1523 745 libro
1552 705 1593 746 in
1634 717 1704 745 co-

274 778 366 822 dice
392 780 637 823 Taurinensi
666 780 935 838 praemissum
965 779 1144 837 legitur:

393 858 504 910 ἄξιος
534 859 730 903 αἰνεῖσθαι
762 858 966 907 Διονύσιος
983 891 996 907 ,
1029 856 1071 907 ὃς
1101 857 1192 902 ταδ’
1223 858 1405 913 ἔγραψεν

509 938 724 992 ἀνθρώποις
751 939 898 992 ἐρατὴν
927 937 1176 989 δεικνύμενος
1206 938 1354 992 σοφίην
1370 972 1382 988 ,

277 1025 320 1060 et
347 1017 595 1076 Apollodori
624 1017 915 1062 Bibliothecae
944 1018 1021 1060 tria
1049 1016 1253 1068 disticha,
1288 1032 1327 1062 v.
1356 1016 1470 1076 A'pp.
1503 1019 1583 1077 Ep.
1609 1019 1710 1064 106.

272 1097 384 1139 Item·
409 1097 542 1140 Manis
580 1094 891 1144 comoediarum
930 1105 1053 1155 poeta
1092 1098 1135 1139 in
1165 1096 1311 1139 'fronte
1343 1096 1583 1154 hymenaci.
1603 1097 1706 1139 Pro-

273 1174 396 1218 cinae
422 1176 576 1234 scripti·
595 1172 790 1218 collocari
824 1176 942 1218 iussit
970 1176 1224 1233 epigramma
1266 1176 1318 1219 A.
1346 1174 1396 1220 P.
1423 1173 1480 1218 lx
1500 1208 1511 1227 ,
1547 1178 1646 1221 514.

391 1255 461 1302 Ἐς
491 1253 630 1307 γάμον
659 1254 817 1308 ἔζευξεν
844 1270 899 1307 με
929 1253 1169 1308 νεοζεύκτοιο
1193 1254 1420 1307 Προκίλλης

508 1334 576 1376 τὸν
594 1338 774 1388 ’νυμφῶν
803 1333 1004 1385 θαλάμοις
1030 1334 1115 1376 αἰὲν
1140 1329 1369 1385 ἀειδόμενον

391 1410 611 1464 εὐξάμενος
642 1412 742 1454 τάδε
767 1419 900 1462 Μῆνις
925 1413 944 1455 ὃ
976 1410 1151 1463 κωμικός
1170 1426 1180 1436 ·
1213 1409 1242 1454 ὦ
1269 1410 1459 1463 Ὑμέναιε

508 1488 625 1543 ἔρχεο
655 1489 723 1532 κα)
756 1490 899 1546 νύμφῃ
924 1490 992 1535 καὶ
1024 1489 1222 1542 γαμέοντι
1252 1489 1409 1543 φίλος..

275 1568 327 1610 Et
356 1568 541 1610 Platonis
577 1567 790 1611 Phaedoni
823 1569 1109 1628 praepositum
1150 1569 1230 1612 suit
1264 1568 1545 1627 epigramma,
1580 1569 1631 1613 Δ.
1662 1569 1709 1614 Ρ.
1790 1560 1793 1567 ⁵¹

274 1649 375 1692 358.
1086 1644 1088 1646 ’

388 1725 443 1769 Εἵ
468 1741 524 1779 με
554 1725 731 1770 Πλάτων
760 1728 804 1770 οὖ
835 1726 1003 1781 γράψε,
1036 1727 1112 1771 δύω
1144 1726 1327 1779 ἐγένοντο
1359 1725 1579 1776 Πλάτωνες
1595 1741 1609 1760 ·-

509 1809 773 1858 Σωκρατικῶν
803 1805 926 1859 ὀάρων
957 1805 1081 1849 ἄνθεα
1112 1805 1419 1860 πάντα-φέρω·

390 1883 509 1926 ἄλλα
536 1883 640 1926 νόθον
665 1887 713 1935 μ’
743 1883 936 1928 ἐτέλεσσε
967 1885 1187 1933 Παναίτιος
1208 1899 1217 1910 ·
1249 1883 1291 1933 ὅς
1321 1887 1354 1938 ρ’
1385 1883 1576 1927 ἐτέλεσσε

508 1962 577 2005 καὶ
609 1964 751 2015 ψυχὴν
782 1963 923 2012 θνητὴν
954 1963 1065 2014 κάμὲ
1090 1963 1194 2006 νόθον
1224 1963 1412 2012 τελέσει,

275 2041 389 2100 quod
415 2041 582 2099 Syriaci
611 2056 698 2084 esse
726 2050 889 2085 constat
915 2057 963 2089 ex
991 2042 1151 2085 Davide
1186 2043 1392 2093 Armeno,
1427 2058 1469 2088 v.
1497 2042 1706 2086 Neuman.

274 2121 336 2164 De
364 2120 521 2163 Davide
555 2121 739 2163 Armeno
777 2134 821 2178 p.
855 2116 928 2164 62'.
992 2120 1215 2164 Addamur
1246 2120 1545 2179 epigrammata
1578 2123 1630 2166 A.
1660 2122 1708 2164 Ρ.

276 2199 337 2242 IX
357 2231 369 2249 ,
407 2202 506 2245 160.
554 2201 650 2244 184.
699 2201 798 2244 185.
844 2201 1074 2243 190—204
1093 2232 1104 2251 ,
1150 2202 1385 2244 205—209
1406 2234 1416 2251 ,
1461 2202 1710 2244 210-215,

277 2279 378 2322 583.
413 2282 514 2322 540.
550 2281 650 2323 578.
712 2279 762 2322 In
804 2278 915 2321 libro
946 2278 1068 2321 Nono
1103 2276 1351 2336 sepulcralia
1390 2283 1486 2321 sunt
1529 2280 1711 2322 carmina

274 2372 313 2402 e.
347 2360 446 2402 574.

394 2436 639 2490 Ἧμοέξευσα
668 2436 735 2480 καὶ
769 2437 891 2485 αὐτὸς
923 2437 941 2479 ὁ
972 2436 1248 2491 τριςδύστηνος
1269 2435 1441 2487 ’Ἄναξις

511 2516 650 2559 τοῦτον
680 2515 846 2569 δύςζωον
876 2516 944 2558 κοῦ
975 2516 1112 2567 βίοτον
1141 2516 1279 2568 βίοτον
1296 2530 1306 2541 ·

394 2598 438 2640 οὔ
467 2597 548 2648 μὴν
578 2596 730 2638 πολλὸν
760 2596 827 2638 ἐπὶ
855 2595 997 2649 χρόνον
1027 2597 1166 2646 ἤλασα
1185 2610 1195 2620 ·
1226 2593 1312 2645 λὰξ
1341 2594 1384 2638 δὲ
1414 2595 1606 2644 πατήσας

509 2675 692 2723 λυσσώδη
725 2674 824 2727 ζωὴν
855 2675 995 2725 ἤλυθον
1026 2675 1082 2722 εἷς
1114 2674 1256 2716 Ἀΐδεω
1274 2706 1287 2722 ,

278 2755 351 2796 ubi
393 2770 451 2798 vs.
485 2757 525 2798 l.
570 2755 715 2812 scripsi
742 2753 940 2804 ”Αναξις,
985 2754 1096 2813 quod
1138 2768 1287 2795 nomen
1323 2752 1446 2795 Diod.
1482 2751 1569 2794 Sic.
1601 2751 1706 2802 XV,

277 2837 348 2878 95.
392 2833 442 2878 C.
471 2833 668 2878 1,-3034.
713 2833 857 2878 Schol.
903 2834 1132 2890 Lys..511.
1196 2829 1375 2881 Ἀναξας
1423 2830 1742 2875 Choerobosc.‘
