1794 3412
654 221 925 262 —343—

291 344 411 399 δῶμα
434 342 548 388 κατὰ
578 342 785 400 φθιμένων
816 344 886 388 καὶ
919 341 1043 400 ζόφον
1073 341 1280 397 ἀθανάτῳ.
1304 372 1307 374 -

114 428 162 473 Ρ.
192 429 261 472 14.
298 429 372 473 27.
415 426 589 481 τιμωρὸς
620 424 839 481 προγόνων.
887 425 1048 469 Calami
1077 425 1197 484 lapsu
1224 421 1394 483 irrepsit
1424 436 1517 476 προ-

52 506 181 561 γόνων
212 522 292 567 pro
318 510 490 561 μοιχῶν.
1516 499 1530 511 ’

112 589 162 634 Ρ.
187 590 262 634 20.
295 597 385 633 not.
452 587 631 631 Nullum
670 585 851 630 dubium
885 585 991 645 quin
1024 584 1264 643 Antigonus
1302 584 1520 643 Carystius

54 669 291 713 carminum
324 668 499 727 heroico
530 676 668 712 metro
709 667 965 726 scriptorum
997 675 1121 726 poeta
1163 674 1301 710 aetate
1336 665 1520 708 multum

53 750 233 794 inferior
262 750 484 794 habendus
515 749 568 792 sit
599 749 814 808 Antigono
841 748 1037 806 Carystio
1066 748 1262 791 Vitarum
1290 747 1518 807 scriptori,

54 846 183 891 quem
216 831 462 874 Ptolemaeo
506 828 793 888 Philadelpho
837 837 1040 887 regnante
1080 829 1275 872 floruisse
1310 836 1520 873 statuunt.

55 912 177 956 Alter
207 926 305 956 vero
337 925 523 969 quanam
557 917 695 953 aetate
727 910 872 952 vixerit
896 923 981 951 non
1010 909 1111 951 satis
1133 917 1252 952 certo
1287 909 1401 953 effici
1437 924 1522 967 po-

55 998 208 1035 tester
239 988 490 1048 Pamphilae
523 988 766 1036 testimonio
798 987 851 1031 de
885 988 1089 1047 Antigoni
1120 988 1522 1047 Metamorphoseon

54 1071 196 1116 libris.
259 1069 341 1114 Sed
367 1070 522 1113 certius
549 1066 603 1112 de
627 1084 673 1112 ea
704 1068 807 1112 hinc
831 1077 997 1112 constat
1021 1068 1134 1128 quod
1159 1068 1349 1113 eiusdem
1374 1077 1525 1128 poetae

57 1151 243 1210 Carystii
285 1152 588 1211 epigrammata
636 1143 864 1209 Philippus
902 1149 1289 1194 Thessalonicensis
1330 1150 1524 1194 Coronae

55 1232 261 1284 inseruit,
296 1247 336 1276 ν.
366 1232 421 1276 A.
445 1232 492 1276 P.
522 1231 607 1283 lv,
642 1233 686 1276 2.
721 1233 792 1276 12.
826 1223 1011 1290 quornm
1045 1222 1177 1274 unum
1207 1239 1419 1275 servatum
1447 1247 1524 1274 er-

56 1319 140 1356 stat
182 1312 236 1357 A.
266 1312 312 1355 P.
336 1310 427 1362 lx,
463 1312 567 1355 406.
610 1311 652 1353 in
701 1309 893 1370 Philippi
932 1309 1221 1370 Anthologiae
1267 1310 1524 1371 fragmento.

56 1392 159 1437 Eius
185 1390 342 1436 lemma
367 1389 607 1443 Ἀντιγόνου
636 1390 844 1445 Kapan-riou
875 1389 1157 1434 emendarunt
1183 1391 1341 1437 critici.
1404 1391 1525 1436 Idem

57 1474 234 1519 fortasse
262 1447 461 1516 libellum
493 1470 547 1515 de
574 1470 847 1516 Mirabilibus
875 1472 1130 1530 conscripsit
1157 1479 1201 1514 et
1239 1472 1424 1515 amicum
1460 1472 1525 1516 vel

56 1553 264 1598 amasium
295 1551 534 1596 celebrasse
565 1551 735 1595 videtur
769 1552 958 1595 carmine
987 1550 1262 1607 Ἀντίπατρος
1290 1553 1525 1611 inscripto,

58 1635 182 1678 cuius
203 1631 291 1675 duo
313 1626 550 1675 hexametri
568 1632 892 1690 ¹corruptissimi
917 1630 1029 1690 apud
1063 1631 1223 1679 Athen.
1252 1631 1348 1684 111,
1384 1635 1441 1676 82
1475 1634 1527 1679 Β.

57 1714 166 1758 mihi
206 1729 290 1757 non
328 1713 429 1756 satis
459 1710 574 1755 felici
615 1726 810 1756 successu
851 1714 1003 1756 tentati
1039 1713 1238 1756 videntur
1273 1729 1296 1756 a
1334 1705 1527 1758 lacobsio

57 1794 194 1839 Anth.
228 1802 262 1839 t.
288 1793 413 1838 VIII.
446 1808 491 1852 p.
523 1794 627 1837 203.
1470 1787 1471 1790 ’

118 1876 168 1921 Ρ.
190 1877 264 1918 26.
299 1879 343 1920 5.
406 1874 457 1918 In
490 1873 719 1918 lemmate:
754 1872 906 1923 ἄδηλον
934 1874 1017 1917 ἐπὶ
1050 1874 1147 1918 τίνι
1180 1877 1301 1919 τοῦτο
1329 1874 1525 1930 γέγραπ-

55 1973 127 2001 ται
145 1970 157 1981 ·
201 1957 312 2006 πλὴν
353 1953 414 1997 ὅτι
452 1955 495 1997 ἐν
534 1959 620 2002 τοῖς
651 1957 724 1996 τοῦ
765 1955 980 1998 Παιλλαεδόἑ
1013 1954 1347 2009 ..ἐπιγράμμασιν
1389 1956 1525 2011 εὑρέθη

57 2037 269 2091 κείμενον
316 2036 480 2089 μήποτε
521 2034 564 2077 δὲ
605 2037 862 2083 Λουκιανοῦ,
911 2043 1163 2094 corruptum
1205 2045 1270 2111 est
1313 2036 1382 2079 ἐπὶ
1429 2037 1523 2084 τίνι.

57 2117 154 2162 Non
183 2118 298 2160 enim
326 2115 380 2158 de
413 2129 465 2157 eo
495 2114 633 2172 agitur
667 2115 710 2156 in
748 2129 876 2176 quern
903 2115 1195 2173 conscriptum
1226 2116 1280 2159 sit
1313 2115 1394 2160 hoc
1426 2119 1526 2178 epi-

57 2212 247 2258 gramma
267 2229 279 2248 ,
314 2194 386 2239 sed
416 2209 438 2237 a
467 2209 571 2252 quo·
639 2193 860 2252 Corrigas:
896 2194 974 2237 ὑπὸ
1004 2194 1124 2243 τίνος.

118 2279 166 2321 Ρ.
190 2278 264 2321 28.
304 2276 376 2319 16.
439 2272 506 2317 Ad
549 2272 703 2316 verba:
750 2276 892 2317 ταῦτα
927 2273 1046 2326 λέγει
1088 2275 1287 2328 Σώδαεμος
1333 2278 1527 2321 conseras

60 2356 281 2402 Nossidem
311 2355 364 2399 A.
389 2354 438 2398 Ρ.
468 2354 532 2405 V,
571 2354 671 2398 170.

177 2437 318 2481 'ABwu
349 2434 459 2479 οὐδὲν
490 2433 656 2488 ἔρωτος·
689 2431 718 2476 ἃ
747 2434 782 2477 δ’
812 2434 941 2486 ὄλβιοι
971 2434 1142 2490 δεύτεροι
1173 2436 1317 2480 πάντα,

302 2515 438 2566 ἐστὶν,
470 2514 555 2557 ἀπὸ
587 2512 797 2566 στόματος
828 2514 864 2556 δ’
895 2513 1060 2558 ἔπτυσοι
1086 2515 1156 2558 καὶ
1183 2517 1230 2560 τὸ
1262 2517 1390 2570 μέλι·

183 2600 303 2641 τοῦτο
333 2595 452 2648 λέγει
484 2595 639 2643 Νοσσίς
659 2609 669 2619 ·
702 2594 797 2638 τινὰ
828 2594 862 2637 δ’
889 2595 920 2638 οὶ
950 2595 1104 2650 Κύπρις
1136 2598 1208 2640 οὐκ
1239 2598 1439 2653 ἐφίλησεν

303 2678 374 2720 οὐκ
405 2674 510 2719 οἶδεν
541 2676 666 2727 κήνας
698 2674 852 2719 τᾶνθεοι
883 2680 984 2719 ποῖαι
1013 2676 1134 2731 ῥόδα,

62 2757 176 2819 quod
224 2773 392 2801 carmen
441 2757 645 2799 constitui
702 2756 755 2798 de
798 2756 1003 2800 Meinekii
1046 2759 1255 2801 sententia
1306 2759 1398 2806 Del.
1444 2763 1527 2822 Ep,

0 2845 6 2874 Τ
63 2855 107 2898 p.
135 2841 208 2884 94.
243 2841 316 2887 95.
338 2871 351 2891 ‚
397 2846 437 2881 et
469 2837 518 2880 ad
551 2838 801 2881 sententiam
837 2837 889 2881 A.
920 2838 965 2883 P.
1000 2838 1056 2881 lx
1080 2872 1089 2888 ,
1127 2839 1227 2882 769.
1265 2844 1288 2882 5
