1794 3412
677 232 882 255 *a*

59 344 200 387 animo
243 343 348 386 mihi
384 343 515 387 fixum¹
549 342 684 386 haesit
717 340 942 384 dicterium
981 338 1201 390 Voltai-rii,
1238 341 1310 398 qui
1338 340 1378 381 in
1412 354 1517 382 cona

58 425 167 467 vivio
196 422 293 466 cibo
322 423 520 483 apposito
549 437 632 465 non
666 436 762 465 usus
799 419 961 463 fastidii
1003 434 1169 464 causam
1209 420 1376 478 aperuit
1409 435 1514 478 que-

56 503 142 548 rela
172 519 268 548 eum
301 504 421 548 nullo
453 502 538 547 sale
569 503 790 547 conditum
830 517 915 546 esse
951 500 1001 545 ad
1033 502 1163 545 instar
1190 501 1515 560 Epigrammatis

58 587 209 631 Graeci
254 587 371 630 nullo
419 587 612 629 acumine
661 585 808 627 salisve
853 584 999 643 lepore
1043 583 1310 642 praestantis,
1391 581 1513 639 Quod

56 666 213 718 domo,
261 677 308 711 ut
363 667 562 718 videtur,
619 664 793 708 allatum
851 674 893 707 et
935 680 955 705 a
1001 664 1089 706 viro
1142 663 1384 722 profectum
1439 661 1513 720 qui

0 762 1 768 ¹
56 748 98 791 in
130 748 335 792 conviviis
361 755 403 791 et
441 746 614 790 circulis
657 744 788 788 multa
830 745 978 787 festive
1016 743 1329 803 commodeque
1370 743 1513 786 dicere

55 827 241 879 solebat,
283 827 389 871 mihi
420 828 662 870 innotuerat
688 839 737 867 ex
779 824 936 866 notulis
969 839 1075 882 quas
1101 822 1406 880 Bilderdykius
1439 821 1513 864 ad-

53 907 163 952 didit
204 908 388 952 versioni
438 907 709 964 Hymnorum
757 903 1009 949 Callimachi
1049 904 1277 947 vernaculo
1319 916 1512 947 sermone

51 988 287 1033 confectae.
350 987 487 1048 quue
528 1002 625 1030 sane
670 987 730 1029 vix
773 986 949 1044 dignum
990 985 1208 1030 videretur
1251 986 1372 1028 cuius
1402 986 1510 1028 inter

51 1069 239 1113 eruditos
256 1070 378 1113 fieret
395 1069 556 1112 mentio
571 1101 581 1118 ‚
617 1069 697 1111 nisi
718 1068 975 1127 experientia
995 1077 1262 1126 compertum
1280 1065 1481 1109 haberem
1499 1098 1510 1116 ‚

50 1165 134 1194 non
177 1159 340 1194 tantum
382 1149 636 1194 semidoctos
672 1150 746 1208 qui
787 1148 914 1208 vulgo
951 1148 1231 1208 elegantiores
1266 1146 1508 1196 habentur,

50 1245 194 1274 verum
220 1232 347 1275 etiam
381 1230 572 1274 eruditos
598 1238 641 1273 et
671 1229 926 1274 eruditionis
956 1228 1083 1274 laude
1117 1229 1255 1272 claros
1285 1228 1397 1271 viros
1425 1227 1511 1270 fal-

51 1312 210 1355 sissima
238 1312 444 1371 opinione
466 1311 564 1354 duei
585 1344 597 1363 ,
636 1319 781 1370 poetas
809 1310 1199 1369 epigrammatarius
1231 1310 1414 1354 Graecos
1443 1323 1510 1351 ur-

49 1393 189 1450 gutiae
228 1393 408 1436 maxime
440 1391 649 1435 studuisse
684 1400 726 1434 et
762 1392 923 1435 facetiis
962 1405 1122 1451 eosque
1156 1390 1403 1434 ioculariter
1444 1389 1510 1431 lu-

50 1472 198 1516 dentes
240 1482 312 1516 aut
354 1473 505 1516 festive
546 1474 712 1516 dicaces
743 1482 784 1516 et
818 1474 1037 1531 ingeniose
1078 1472 1298 1516 mordaces
1342 1486 1510 1530 semper

53 1552 184 1597 telum
228 1551 406 1611 aliquod
445 1552 648 1596 iaculatos
688 1568 778 1596 esse
823 1554 944 1596 cuius
982 1553 1175 1596 aculeum
1211 1554 1253 1595 in
1280 1553 1507 1596 lectorum

51 1633 200 1696 animis
241 1633 427 1692 relinqui
467 1646 690 1691 cuperent.
757 1633 878 1690 Quod
923 1649 1018 1677 non·
1043 1627 1290 1692 refugerunt
1334 1633 1509 1692 quidem

49 1728 127 1758 nec
158 1714 393 1757 omiserunt
422 1729 595 1772 prorsus
615 1748 625 1766 ,
662 1714 730 1758 sed
767 1713 930 1774 sylloge
959 1715 1198 1758 carminum
1219 1748 1229 1765 ,
1276 1715 1319 1758 in
1353 1714 1509 1773 quibus

50 1795 132 1838 hoc
162 1788 370 1854 egerunt,
404 1796 580 1838 minima
613 1804 675 1839 est
706 1788 993 1859 Antholegiae
1036 1809 1160 1854 pars,
1196 1796 1386 1839 maxima*
1407 1811 1507 1840 vero

47 1875 302 1935 florilegium
342 1875 703 1935 Inscriptionum,
756 1889 936 1935 quarum
967 1874 1092 1933 longe
1120 1874 1332 1935 plurimae
1363 1891 1507 1921 revera

45 1955 326 2000 marmoribus
362 1956 517 2001 incisae
560 1956 767 2008 fuerunt,
802 1956 994 2016 reliquae
1020 1957 1077 1999 ita
1116 1957 1302 2016 scriptae
1330 1966 1428 2001 sunt
1460 1967 1508 2001 ut

45 2034 176 2095 lapidi
219 2029 456 2096 insculptae
498 2037 625 2082 fuisse
677 2037 811 2080 videri
861 2037 1042 2096 possint.
1115 2038 1204 2081 lam
1243 2038 1505 2098 antiquiores

44 2117 156 2160 enim
177 2117 533 2177 epigrammatum
549 2118 778 2178 scriptores
807 2118 1097 2169 carminibus,
1127 2118 1282 2178 quibus
1314 2121 1504 2164 virorum

43 2198 154 2241 fama
186 2197 396 2241 nobilium
429 2198 500 2242 sed
532 2198 695 2242 dudum
729 2207 997 2243 mortuorum
1036 2201 1286 2244 memoriam
1311 2201 1504 2245 celebra—

42 2286 171 2330 runt,
207 2278 498 2338 inscriptionis
540 2278 720 2322 formam
754 2278 1042 2332 addiderunt,
1078 2295 1162 2338 qua
1192 2282 1332 2340 specie
1361 2284 1402 2325 in
1436 2298 1505 2324 ar-

41 2366 244 2416 gumento
277 2357 443 2403 diverso
472 2373 570 2402 usus
603 2367 667 2402 est
703 2359 831 2402 etiam
862 2357 1140 2403 Archemelus
1167 2360 1210 2403 in
1240 2362 1429 2405 carmine
1457 2364 1499 2406 in

42 2453 192 2482 navem
220 2438 421 2482 Hieronis
454 2440 588 2482 mirae
617 2438 918 2498 magnitudinis
947 2449 990 2483 et
1018 2441 1362 2499 magnificentiae
1387 2444 1499 2503 apud

43 2518 201 2563 Athen.
229 2519 293 2570 V,
329 2521 414 2564 209
449 2519 498 2564 G.
563 2519 692 2562 Plane
737 2518 882 2562 eadem
927 2521 1090 2563 ratione
1122 2521 1170 2563 ad
1214 2522 1504 2582 inscriptionis

42 2615 232 2644 normam
266 2600 508 2658 conscripta
539 2608 637 2643 sunt
681 2600 847 2658 aliquot
891 2616 1018 2660 parva
1063 2605 1249 2646 carmina
1278 2605 1497 2647 σκωπτικοέ

42 2680 126 2724 sive
155 2682 296 2740 potius
321 2680 480 2733 λοίδοροι
512 2680 688 2724 dicenda
709 2713 718 2731 ,
755 2680 909 2739 quibus
934 2682 1059 2725 etiam
1086 2683 1366 2742 antiquissimi
1392 2682 1505 2744 poe-¹

47 2766 110 2804 tae
141 2762 335 2804 inimicos
373 2761 545 2819 petiisse
579 2760 789 2805 videntur.
854 2761 918 2804 Ita
949 2761 1189 2807 Simonides
1221 2764 1500 2810 Timocreon-

46 2848 128 2884 tem
157 2840 235 2884 sibi
266 2841 457 2885 odiosum
487 2840 607 2884 laesit
640 2839 822 2884 disticho
842 2875 852 2894 ,
891 2843 939 2886 A.
969 2843 1013 2889 Ρ.
1042 2844 1123 2888 VII
1142 2878 1151 2896 ,
1189 2847 1290 2890 348.
