1794 3412
913 229 1178 270 --270-·ὴ

331 349 487 396 sitheus
522 350 687 393 dicendi
719 363 847 407 genus
877 351 1099 393 animosius
1132 359 1174 392 et
1209 350 1542 408 magnificentius
1571 351 1609 392 ei
1648 349 1767 392 addi-

329 430 392 473 dit
423 438 464 473 et
502 429 672 485 Satyros
711 428 1000 482 τραγικώτερον
1038 428 1257 486 loquentes
1301 428 1450 480 finxit,
1496 436 1542 471 ut
1592 443 1638 471 ex
1682 429 1794 471 fra-·

327 516 495 567 gmento
518 507 702 555 Sosithei
721 508 936 564 Lityersae
961 507 1214 564 intelligitur
1229 539 1240 558 ‚
1269 514 1310 549 et
1325 506 1393 549 τὸν
1409 508 1580 560 ἀρχαῖον
1598 506 1766 560 τρόπον,

327 587 401 645 qui
431 587 514 629 iam
550 588 592 628 in
628 586 947 629 desuetudinem
979 585 1167 638 abierat,
1201 584 1384 628 reduxit.
1448 585 1623 642 Propter
1665 586 1794 628 Pru-⁷·

328 667 459 708 tinam
488 666 618 723 igitur
647 675 688 708 et
715 666 911 709 Aristiam
939 665 1144 708 Phliasios
1169 665 1415 721 Satyrorum
1435 666 1659 722 scriptores
1685 663 1767 708 hoc

323 759 496 803 poeseos
534 759 663 803 genus
711 744 865 787 dicitur
910 742 1039 797 Δωρὶς
1085 745 1249 785 Μοῦσα.
1327 741 1411 785 Sed
1456 750 1503 785 ut
1547 741 1766 786 Sositheus

324 823 523 867 dramatis
562 824 749 881 satyricis
782 822 945 866 addidit
987 837 1184 880 magnum
1225 837 1268 864 os
1309 836 1440 880 eaque
1468 822 1678 864 revocavit
1714 817 1766 864 ad

323 904 519 947 Pratinae
560 911 602 946 et
645 901 844 959 Aeschyli
886 916 1076 952 morem,
1123 903 1180 943 ita
1224 916 1280 944 vs,
1314 904 1338 942 7
1386 899 1655 943 scribendum
1703 909 1769 943 est

322 983 568 1037 εἰςώρμησε,
604 980 717 1039 quod
749 994 832 1023 non
863 980 963 1022 fecit
997 979 1171 1036 Satyrus
1194 1011 1206 1030 ,
1247 978 1318 1022 sed
1355 978 1602 1029 Sositheus,
1636 977 1765 1036 idque

322 1061 497 1105 verbum
527 1060 714 1102 dativum
747 1059 972 1109 adsciscit,
1007 1067 1052 1099 ut
1081 1058 1191 1115 apud
1223 1057 1528 1101 Callimachum
1562 1057 1657 1100 Del.
1689 1059 1762 1101 33.

318 1139 539 1189 εἱςεκύλισε
570 1137 758 1192 θαλάσσῃ
787 1145 829 1180 et
861 1137 916 1181 fr.
949 1137 1044 1180 106.
1081 1141 1120 1179 5.
1152 1134 1256 1179 ὅσσα
1287 1135 1322 1178 δ’
1350 1137 1519 1183 ἀκουαῖς
1545 1133 1761 1186 εἶςεθέμην.

319 1218 370 1261 In
399 1219 525 1261 tertio
564 1216 746 1260 disticho
787 1214 995 1273 iungenda
1033 1222 1160 1259 sunt:
1194 1215 1298 1266 κῆμὲ
1333 1214 1595 1268 ἄναρχαΐσας
1623 1214 1762 1265 ἤγαγε

319 1297 498 1350 πατρίδα
529 1300 585 1344 εἷς
630 1295 807 1347 μνήμην.
872 1293 936 1336 Ad
977 1306 1037 1335 vs.
1073 1296 1097 1334 7
1141 1293 1285 1335 confer
1322 1291 1428 1335 Plat.
1472 1292 1596 1350 Reip.
1628 1291 1761 1342 VIII,

320 1378 404 1418 558
421 1375 475 1418 D.
507 1371 780 1426 τεθραμμένος
798 1372 838 1412 ἐν
863 1376 947 1419 τοῖς
974 1371 1122 1414 ἐκείνου
1139 1371 1294 1420 ἤθεσιν,
1329 1370 1443 1416 Plut.
1463 1370 1590 1414 Dion.
1626 1370 1759 1416 c.1V.

323 1453 494 1507 τραφεὶς
520 1452 603 1505 γὰρ
635 1453 675 1493 ἐν
707 1451 814 1501 ἤθεσι
845 1454 1064 1497 ταπεινοῖς.
1102 1449 1183 1508 Ap.
1216 1449 1296 1492 Rh.
1322 1450 1373 1499 Ι,
1412 1450 1539 1491 1211.

554 1530 599 1578 δὴ
627 1527 710 1582 γάρ
736 1544 806 1579 μιν
837 1527 997 1570 τοίοισιν
1027 1529 1068 1570 ἐν
1095 1528 1225 1578 ἤθεσιν
1254 1527 1377 1576 αὐτὸς
1406 1526 1581 1582 ἔφερβεν

555 1608 756 1661 νηπίαχον
788 1607 844 1650 τοὶ
875 1612 1030 1661 πρῶτα.

320 1690 392 1734 Vs.
418 1691 445 1732 9
487 1702 565 1747 pro
605 1687 762 1729 codicis
799 1686 981 1730 lectione
1026 1683 1136 1728 ἕπτα
1167 1685 1208 1727 δέ
1239 1700 1306 1736 μοι
1343 1682 1461 1737 ’έρσων
1503 1684 1761 1742 scripserunt

318 1768 457 1810 critici
483 1765 603 1809 εὔαδέ
629 1781 696 1817 μοι
723 1764 883 1818 θύρσων.
947 1763 1028 1807 Sed
1056 1762 1167 1806 ἑπτά
1195 1764 1367 1806 fortasse
1401 1778 1482 1805 non
1507 1762 1760 1805 'mutandum

318 1854 407 1897 est,
440 1861 569 1904 quum
602 1845 793 1888 Pleiados
823 1844 1005 1902 tragicae
1035 1843 1172 1901 poetis
1201 1851 1498 1885 annumeratus
1525 1842 1654 1883 fuerit
1682 1841 1758 1884 So-

319 1924 496 1968 sitheus.
561 1923 643 1978 Qui
671 1937 801 1979 quum
830 1929 987 1978 septem
1017 1935 1194 1962 numero
1218 1920 1402 1970 fuerint,
1436 1918 1563 1961 scribi
1589 1918 1756 1962 malim:

318 2000 563 2054 ἑπταδύμων
604 1998 775 2053 ἄστρων.
839 2000 998 2042 Eorum
1030 1997 1198 2040 dicendi
1228 1997 1354 2045 τύπος
1398 1996 1596 2039 humilior
1633 1997 1760 2040 fuisse

319 2081 487 2127 videtur
508 2112 519 2131 ,
555 2094 680 2137 quem
723 2092 793 2121 ore
828 2077 950 2119 altius
974 2085 1146 2119 sonante
1185 2076 1438 2134 permutavit
1466 2076 1761 2134 magniloquus

318 2159 551 2205 Sositheus,
615 2157 665 2200 In
684 2158 739 2212 voz}
770 2155 865 2210 χερί
891 2155 1064 2198 verbum
1095 2153 1259 2197 videtur
1291 2152 1422 2196 latere
1442 2184 1453 2204 ‚
1488 2153 1602 2211 quod
1630 2154 1762 2213 signi·

318 2241 443 2284 ficat:
478 2221 691 2290 εὐημέρει,
725 2244 772 2279 ut
799 2234 1016 2278 Sositheus
1052 2233 1336 2276 nobilissimus
1368 2231 1496 2275 fuerit
1523 2247 1571 2275 ex
1598 2241 1756 2292 septem
1789 2264 1793 2268 -

319 2317 509 2363 Pleiades
541 2317 693 2375 poetis.
754 2315 924 2358 Poetam
951 2321 1089 2356 autem
1122 2311 1248 2354 fuisse
1279 2310 1376 2353 satis
1412 2311 1660 2369 praestantis
1693 2312 1758 2354 in-

317 2399 428 2457 genii
460 2396 642 2441 efficitur
671 2409 719 2438 ex
760 2391 1018 2436 Dioscoridis
1048 2405 1190 2433 versut

554 2479 605 2529 τῇ·
631 2470 893 2528 φιλοκινδύνῳ
919 2469 1097 2524 φροντίδι
1126 2467 1344 2516 Σωσιθέου,

320 2555 475 2599 collato
507 2552 686 2609 Longin.
720 2550 772 2594 de
802 2549 985 2593 Sublim.
1019 2563 1057 2592 c.
1085 2551 1157 2590 33.
1184 2550 1225 2590 2.
1256 2547 1334 2595 τὰς
1361 2547 1436 2598 μὲν
1461 2547 1660 2596 ταπεινὰς
1687 2547 1756 2590 καὶ

318 2634 450 2687 μέσας
460 2632 623 2692 ,φύσεις
644 2629 711 2673 διὰ
727 2631 773 2673 τὸ
789 2629 962 2681 μηδαμῆ
986 2626 1334 2681 παρακινδυνεύειν
1351 2626 1453 2677 μηδὲ
1470 2627 1653 2681 ε’φιέσθαι
1679 2631 1757 2677 τῶν

315 2712 445 2768 ἄκρων
469 2710 781 2764 ἀναμαρτήτους
803 2711 853 2758 ὡς
880 2707 946 2752 ἐπὶ
974 2708 1020 2751 τὸ
1050 2706 1154 2750 πολὺ
1177 2706 1244 2748 καὶ
1269 2706 1588 2760 ἀσφαλεστέρας
1619 2705 1756 2757 διαμέ-
1785 2705 1794 2708 “

317 2809 423 2842 νειν,
457 2792 513 2835 τὰ
546 2790 587 2835 δὲ
619 2789 794 2843 μέγαλα
827 2790 1042 2843 ἐπισφαλῆ
1068 2786 1116 2830 δι’
1150 2785 1250 2830 αὐτὸ
1281 2784 1461 2836 γίνεσθαι
1493 2786 1539 2828 τὸ
1570 2785 1754 2838 μέγεθος.
