1794 3412
675 253 908 293 —33-

63 383 212 426 ordine
237 395 463 441 apponam.
501 379 610 423 Sunt
634 386 774 421 autom
806 377 910 422 hae:
947 375 1151 427 Homeri,
1189 375 1261 434 qui
1289 373 1491 417 dicuntur
1510 406 1521 425 ‚

65 479 205 507 versus
226 461 368 508 Midae
382 461 602 520 Phrygum
620 460 730 519 regis
757 458 951 518 sepulcro
967 456 1188 516 inscripti,
1214 455 1324 500 Plat.
1339 452 1525 499 Phaedr.

59 546 152 589 264
183 544 236 588 Β.
269 558 449 602 eamque
481 539 773 600 inscriptionis
801 537 1051 598 sepulcralis
1088 537 1274 596 speciem
1306 550 1525 579 commen—

62 623 178 667 davit
214 625 305 684 ipse
338 623 459 667 Plato
495 620 769 680 Legg.xl1,
803 635 849 678 p.
880 621 968 663 958
1002 620 1055 662 Ε.
1086 618 1220 661 λίθινοι
1251 617 1525 669 ἐπιστήματα

60 707 120 757 μη
145 704 272 759 μείζω
299 709 429 747 ποιεῖν
456 704 479 754 ἢ
506 699 585 745 ὅσοι
610 701 805 754 δέχεσθαι
833 699 892 742 τὰ
917 702 990 742 τοῦ
1021 697 1364 747 τετελευτηκότος
1393 696 1523 749 {ynas-

60 802 141 838 μιοι
174 785 299 837 βίου,
332 785 392 835 μὴ
423 782 553 825 πλείω
584 779 794 833 τεττάρων
824 781 997 833 ἡρωϊκῶν
1038 779 1224 832 στίχωνς
1272 777 1358 821 duo
1396 777 1527 822 hexa-

63 867 188 910 metri
228 867 270 908 in
303 863 488 907 donariis
520 863 563 904 in
605 859 767 919 templo
802 858 1014 917 Apollinis
1046 857 1223 902 Ismenii
1259 857 1423 903 Herod.
1453 857 1523 908 V,

62 947 148 997 603
200 958 343 988 versus
380 957 486 1001 quos
520 939 690 984 Eumeli
732 937 949 982 Corinthii
988 939 1232 998 suspicatus
1267 946 1330 982 est
1367 938 1526 982 Pausa·

60 1028 178 1079 nias,
213 1027 256 1069 in
289 1036 386 1067 arca
415 1021 591 1082 Cypseli
617 1020 740 1064 Paus.
767 1019 804 1060 V
826 1052 838 1071 ,
878 1020 946 1063 18.
987 1022 1028 1065 1.
1066 1021 1137 1064 19.
1176 1021 1216 1064 1.
1265 1019 1309 1062 in
1340 1034 1523 1078 quorum

59 1123 143 1152 uno
160 1125 170 1152 ε

178 1185 410 1239 Τυνδαρίδος
440 1183 613 1227 Ελένοιν
643 1182 814 1237 Φέρετον
845 1181 997 1235 Αἴθραν
1027 1181 1062 1224 δ’
1096 1184 1147 1225 Ἀ
1156 1182 1177 1224 θ
1186 1181 1205 1224 έ
1215 1197 1273 1225 να
1282 1182 1303 1224 θ
1312 1198 1331 1224 ε
1342 1198 1362 1224 ν

0 1245 2 1307 l
58 1308 65 1316 ,
179 1266 371 1316 έλκετον,

0 1333 2 1419 ἶ
55 1348 157 1392 nbi
173 1348 388 1407 correptio
419 1346 546 1405 plane
575 1360 661 1388 non
694 1343 870 1389 ferenda
907 1343 1094 1388 tollenda
1126 1342 1296 1387 videtur
1327 1343 1519 1402 scripto:

0 1420 1 1479 f
58 1428 329 1485 ᾙΑφίδνοιθεν
361 1436 405 1470 et
437 1426 738 1485 inscriptiones
766 1425 1023 1469 hexametris
1050 1424 1238 1468 inclusae
1267 1422 1381 1484 apud
1416 1438 1524 1466 eun

62 1509 159 1554 (lem
204 1507 487 1559 Pausaniam,
531 1507 575 1549 in
613 1505 786 1563 Phytali
825 1505 1021 1563 sepulcro
1046 1505 1094 1556 1,
1122 1507 1196 1550 37.
1233 1507 1307 1556 2.,
1356 1505 1400 1547 in
1431 1503 1524 1548 Me-

63 1589 185 1649 thapi
210 1596 347 1632 statua
375 1587 436 1631 lv
456 1620 468 1638 ,
506 1589 546 1631 1.
578 1589 603 1629 5
623 1619 634 1637 ,
669 1587 712 1629 in
745 1582 977 1629 Alcmenae
1010 1583 1213 1628 cubiculo
1240 1583 1303 1627 IX
1324 1616 1337 1636 ,
1376 1587 1445 1629 11.
1482 1587 1524 1630 1.

61 1670 278 1731 ipsiusque
322 1668 498 1713 Homeri
532 1676 575 1711 et
613 1665 790 1711 Hesiodi
822 1665 1004 1709 disticha
1025 1698 1037 1718 ,
1085 1664 1245 1724 tripodi
1285 1665 1520 1724 inscripta,

59 1751 198 1810 appu
222 1751 304 1810 Ep.
338 1751 425 1794 382
458 1757 500 1792 et
534 1749 586 1793 A.
622 1748 670 1793 Ρ.
702 1747 815 1799 VII,
851 1749 922 1791 53.
963 1750 1002 1791 1.
1047 1755 1090 1791 et
1128 1756 1225 1805 post
1266 1746 1521 1792 Archilochi

59 1840 238 1877 aetatem
268 1831 312 1874 in
346 1830 457 1874 dono
487 1845 509 1873 a
542 1827 737 1873 Miltiade
768 1828 989 1872 Pisistrato
1028 1827 1197 1887 aequali
1240 1836 1489 1872 consecrato
1508 1862 1522 1880 ,

60 1913 113 1956 de
146 1927 232 1972 quo
261 1911 374 1956 idem
405 1911 631 1954 Pausanias
662 1910 742 1960 VI,
781 1911 850 1953 19.
885 1912 928 1953 3.
961 1908 1159 1961 ἀνάθημα
1190 1908 1425 1953 Μιλτιάδου
1448 1913 1522 1953 τοῦ

58 1994 236 2046 Κίμωνος
268 1991 309 2041 ὃς
337 1993 410 2042 τὴν
440 1992 576 2045 ἀρχὴν
607 1989 734 2044 ἔσχεν
758 1990 799 2032 ἐν
831 1989 1059 2043 Χερρονήσῳ
1089 1995 1142 2044 τῇ
1175 1990 1339 2045 Θρακίᾳ
1366 1994 1521 2045 πρῶτος

57 2081 132 2125 τῆς
162 2075 291 2123 οἰκίαις
321 2073 479 2122 ταύτης
502 2087 512 2096 ·
546 2070 614 2114 καὶ
652 2070 909 2125 ἐπίγραμμα.
936 2069 1005 2113 ἐπὶ
1038 2072 1095 2124 τῷ
1131 2070 1275 2125 κέρατί
1306 2072 1418 2115 ἔστιν
1448 2073 1520 2126 ἀρ-

59 2155 195 2208 χαίοις
220 2157 426 2202 Ἀττικοῖς
455 2151 683 2206 γράμμασι
706 2165 716 2175 ·

182 2233 279 2282 Ζηνί
308 2236 356 2285 μ’
381 2231 552 2284 ἄγαλμ’
576 2231 776 2280 ἀνέθηκαν
809 2232 1031 2284 Ὀλυμπίῳ
1057 2233 1104 2274 ἐκ
1135 2235 1356 2286 Χερονήσου

168 2319 330 2367 γτεῖχος
356 2311 517 2360 ἑλόντες
548 2310 724 2366 Ἀράτου
745 2325 755 2335 ·
788 2312 946 2365 ἐπῆρχε
977 2311 1018 2354 δὲ
1045 2310 1282 2361 Μιλτιάδης
1313 2316 1428 2367 σφιν.

65 2394 229 2452 Quibus
275 2394 309 2435 si
347 2391 560 2435 addideris
601 2390 816 2435 distichon
864 2393 908 2434 in
955 2392 1132 2435 Homeri
1173 2392 1371 2451 sepulcro
1414 2394 1523 2437 inci-

61 2490 182 2524 sum,
217 2490 255 2517 v.
291 2473 345 2517 A.
373 2474 421 2518 P.
449 2473 559 2526 VII,
594 2475 637 2516 3.
679 2470 1010 2516 PseudoHerod.
1054 2472 1146 2517 Vit.
1181 2472 1310 2518 Hom.
1344 2476 1519 2525 e.·36.‚

36 2556 315 2614 ‘scriptiones
357 2554 544 2613 denique
583 2553 634 2596 ad
686 2569 879 2596 normam
922 2554 1201 2597 vetustiorum
1251 2556 1430 2614 scriptas
1477 2557 1522 2600 in

62 2635 413 2680 Ereuthalionem
459 2635 570 2694 apud
615 2632 761 2678 Schol.
807 2633 915 2678 Ven.
961 2634 1090 2679 Hom.
1130 2634 1297 2686 ll.1V,
1333 2637 1436 2680 319.
1478 2637 1521 2680 in

64 2715 269 2760 Asbolum
300 2724 342 2758 et
371 2715 523 2759 Linum
545 2747 557 2766 ‚
592 2714 707 2773 App.
741 2715 823 2772 Ep.
857 2716 953 2757 129.
989 2717 1093 2758 390.
1128 2730 1273 2759 omnes
1306 2716 1396 2759 fere
1429 2717 1521 2763 col-

53 2774 194 2839 ⁸lectas
218 2796 412 2840 habebis,
476 2796 530 2839 Et
563 2803 713 2839 notatu
747 2794 922 2853 dignum
956 2811 1004 2839 ex
1046 2795 1212 2838 duobus
1240 2797 1521 2856 epigramma-

70 2878 147 2929 tis,
173 2893 279 2936 quae
306 2893 354 2921 ex
381 2877 671 2921 vetustissimis
693 2877 876 2919 donariis
899 2875 1107 2935 descripta
1131 2877 1250 2920 libris
1279 2879 1367 2932 περὶ
1386 2883 1462 2922 τῶν
1480 2881 1520 2922 ἐν
