1794 3412
926 221 1219 278 -262-4

334 359 428 414 ὅπερ
456 362 670 407 Ἀπελλᾶς
703 359 720 400 ὁ
752 358 941 406 Ποντικὸς
967 356 1067 400 οὕτω
1099 355 1372 410 προφέρεται·

570 438 653 489 εἰμὶ
685 438 766 488 ἐγὼ
797 435 933 487 Νάξος
965 435 1289 489 παγχρύσεος
1321 435 1405 477 κτέ.

333 516 407 558 ubi
438 531 533 558 vere
566 515 780 559 Cobetus:
831 515 864 557 εἶ
896 515 954 567 μὴ
985 514 1065 566 ἐγώ
1097 515 1183 556 κτὲ.
1246 506 1328 556 Sed
1359 519 1572 571 praeterea
1610 511 1693 553 sive
1724 524 1772 552 ex

333 595 412 637 hac
453 610 559 652 quae
605 594 714 652 apud
764 593 953 652 Apellem
998 592 1216 650 legebatur
1259 592 1442 635 lectione
1483 590 1566 634 sivo
1606 605 1652 632 ex
1693 588 1773 631 alia

334 688 442 732 quae
469 672 578 730 apud
609 671 780 715 suidam
812 680 966 716 exstat:
1002 671 1155 722 Νάξιος
1188 670 1270 723 εἰμὶ
1304 672 1414 722 ἐγὼ,
1449 667 1770 726 corrigendum:

443 750 594 801 ''nvoeS
610 784 622 802 ,
647 752 680 793 εἶ
708 752 766 802 μὴ
793 751 872 802 ἐγὼ
903 751 1163 803 χρυσήλατος
1198 748 1276 801 εἰμὶ
1306 748 1522 797 κολοσσὸς,

567 829 718 880 ἐξώλης
749 829 810 878 εἴη
842 829 1076 881 Κυψελιδῶν
1105 826 1255 879 γενεαὶ,

333 918 432 952 aut:
465 910 499 953 εἶ
526 910 585 960 μὴ
617 909 723 960 ἐγὼ,
756 906 886 958 ὦναξ,
919 923 989 960 χρ.
1017 909 1050 949 ἐ.
1079 923 1117 949 κ.
1181 906 1299 949 Idem
1339 905 1429 948 sine
1461 903 1592 947 dubio
1617 901 1772 945 lectum

334 988 416 1031 fuit
455 989 496 1029 in
533 987 640 1030 Plat.
680 986 860 1030 Phaedr.
886 987 972 1028 236
1004 987 1055 1029 Β.
1098 985 1213 1038 παρὰ
1240 985 1286 1027 τὸ
1317 982 1551 1037 Κυψελιδῶν
1582 979 1777 1031 ἀνάθημα

333 1068 653 1121 σφυρήλατος
686 1064 962 1118 ε’νὈλυμπία
987 1062 1184 1111 ἕσταθι,
1220 1061 1292 1104 ubi
1319 1075 1413 1103 vero
1432 1060 1616 1104 Cobctus
1634 1073 1773 1101 emen-

333 1145 448 1188 davit
477 1142 615 1187 ἕσταθι
655 1158 732 1202 pro
763 1141 949 1190 στάθητι.
1013 1139 1327 1184 scribendum:
1362 1140 1638 1193 χρυσήλατος.
1701 1137 1774 1179 vis

332 1226 445 1267 enim
478 1221 754 1281 proverbialis
784 1220 981 1264 dictionis
1013 1234 1096 1261 non
1126 1228 1187 1262 est
1219 1220 1260 1262 in
1303 1219 1596 1272 σφυρήλατος,
1629 1214 1700 1259 sed
1731 1215 1773 1257 in

331 1305 506 1357 χρυσοῦν
543 1300 706 1344 ἱστοὶναι
738 1298 857 1348 τινα,
902 1313 940 1341 v.
973 1297 1153 1341 Theocr.
1198 1296 1264 1340 Id.
1296 1296 1332 1338 X
1353 1328 1365 1347 ‚
1401 1298 1473 1340 33.
1516 1294 1636 1352 Virg.
1678 1293 1772 1337 Ecl.

332 1382 439 1430 Vll,
474 1384 545 1423 35.
608 1380 655 1421 In
689 1394 751 1422 vs.
780 1380 805 1418 2
847 1376 1060 1419 Iacobsius
1097 1375 1221 1418 verba
1260 1375 1356 1422 Διὸς
1386 1372 1613 1427 αστεροπαί
1644 1372 1774 1414 inter-

336 1467 523 1519 pretatus
561 1456 705 1501 estde
736 1455 866 1498 rutilo
905 1469 1054 1498 aureae
1078 1462 1237 1498 statuae
1275 1452 1526 1511 splendore,
1558 1451 1667 1494 Iovis
1695 1449 1775 1510 fol-

332 1539 426 1596 guri
465 1552 549 1579 non
577 1534 773 1580 absimili.
837 1532 1046 1591 Equidem
1079 1532 1279 1576 Alcaeum
1309 1531 1520 1590 scripsisse
1546 1537 1710 1575 statuo:

808 1613 1013 1667 φλογέαις
1045 1612 1171 1655 εὔδιον
1200 1613 1462 1665 ἆστεροπαῖς.

334 1695 420 1739 Ubi
451 1693 576 1738 εὔδιον
604 1701 666 1736 est
693 1691 873 1747 φαεινόν.
925 1691 1081 1736 Confer
1116 1691 1168 1735 Α.
1197 1691 1246 1736 Ρ.
1273 1690 1320 1741 Ι,
1355 1691 1428 1734 98.
1461 1692 1505 1735 3.

452 1771 720 1824 λαμπόμενον
746 1777 982 1826 στεροπῇσιν
1007 1770 1247 1824 οὶμετρήτοιο
1275 1767 1503 1821 μετάλλου.

334 1853 461 1895 Hom.-
506 1850 586 1895 Od.
616 1851 676 1893 IV
695 1883 705 1901 ,
741 1854 811 1893 71.
855 1852 1020 1901 χαλκοῦ
1052 1865 1099 1890 τε
1136 1848 1331 1901 στεροπὴν
1356 1870 1417 1878 -
1441 1847 1593 1898 χρυσοῦ
1619 1846 1658 1887 τ’
1685 1842 1774 1893 ἠλέ-

335 1946 452 1984 κτρου
483 1946 530 1972 τε
557 1928 625 1970 καὶ
652 1927 826 1980 ἀργύρου
857 1926 916 1975 ἥδ’
945 1925 1184 1979 ἐλέφαντος.
1249 1925 1362 1982 App.
1393 1925 1474 1981 Ep,
1502 1924 1606 1967 256.
1641 1924 1682 1966 2.
1715 1920 1774 1971 ἠδ’

335 2009 458 2052 αὐτὸν
497 2008 648 2060 χρυσοῦ
690 2002 1007 2058 παμφανόωντα
1046 2003 1210 2054 βολαῖς.
1276 2004 1329 2045 Et
1362 2003 1417 2044 ita
1448 2004 1612 2053 γυμνῶν
1649 2001 1774 2043 οἷστε-

334 2089 433 2143 ροπὴ
463 2085 619 2138 μελέων
654 2084 707 2128 Δ.
737 2084 784 2126 Ρ.
819 2084 881 2133 V,
917 2085 988 2126 35.
1022 2084 1065 2126 2.
1127 2081 1200 2125 Vs.
1225 2084 1251 2123 6
1293 2081 1422 2123 codex
1466 2082 1595 2123 πᾶσιν
1621 2079 1774 2123 ἄείσετ’

336 2166 441 2215 ἔπη,
475 2178 581 2222 quae
605 2163 688 2208 iam
719 2161 956 2205 Brunckius
981 2159 1248 2212 emendavit,
1282 2160 1351 2204 cui
1381 2159 1510 2201 miror
1537 2157 1772 2204 Iacobsium

336 2254 378 2290 et
409 2241 667 2288 Meinekium
698 2254 781 2283 non
813 2238 956 2285 faciles
985 2238 1226 2296 praebuisse
1257 2252 1390 2280 aures.

396 2321 601 2374 Leonidas
634 2334 671 2362 c.
707 2321 775 2362 19.

455 2402 538 2445 Τὸν
564 2399 748 2453 χαρίεντ’
779 2398 1003 2448 Ἀλκμᾶνα
1029 2397 1096 2440 τὸν
1127 2397 1318 2450 ὑμνητῆρ’
1350 2394 1549 2447 ὑμεναίων

516 2516 517 2520 ,
575 2479 729 2526 κύκνον,
761 2477 828 2519 τὸν
858 2479 1028 2518 Μουσῶν
1058 2474 1160 2526 ἄξια
1187 2474 1458 2528 μελψοίμενον

454 2558 614 2610 τύμβος
632 2556 736 2608 ἔχει,
753 2553 1166 2608 Σπάρταςμεγαλαν
1182 2553 1330 2607 χάριν,
1363 2552 1452 2595 εἴθ’
1483 2550 1508 2595 ἷί
1532 2568 1591 2604 γε
1617 2550 1774 2599 Λυδὸς

572 2634 726 2687 ἄχθος
756 2634 985 2687 ἀπορρίψας
1014 2631 1174 2686 οἴχεται
1206 2633 1262 2679 εἷς
1294 2631 1445 2680 Ἀΐδην.
1480 2656 1481 2659 =

341 2718 409 2760 Vs.
437 2718 463 2757 3
507 2712 638 2761 Λυδός
677 2728 697 2760 a
722 2711 908 2755 Planude
938 2711 1104 2758 demum
1140 2710 1303 2754 illatum
1342 2711 1384 2751 in
1420 2709 1640 2753 verborum
1669 2723 1771 2750 con-

338 2803 497 2844 textum
539 2792 680 2846 veni23
721 2790 847 2835 codex
887 2790 1064 2839 λύσθος,Ι
1094 2788 1242 2833 Suidas
1272 2788 1437 2836 λοῖσθος.
1503 2787 1773 2834 nocentiores
