1794 3412
913 227 1145 267 -56—

319 346 395 395 διος
430 347 464 402 ¹)
497 346 563 390 καὶ
591 349 810 399 Τριμελής.
877 348 1006 392 Cuius
1032 348 1214 391 indolem
1254 348 1440 390 novimus
1467 362 1513 390 ex
1544 347 1746 406 Euripide

319 434 362 468 et
391 425 668 482 Aristophane
687 457 698 476 ‚
732 440 911 483 quorum
940 426 1009 468 hic
1033 427 1257 476 lusciniae,
1291 426 1362 469 ille
1389 425 1583 483 halcyoni
1605 425 1746 478 ἔλεγον

318 502 421 547 οἶτον
458 505 635 554 tribuit,
680 519 721 547 v.
755 505 856 548 Eur.
889 504 985 562 lph.
1018 505 1067 548 T.
1107 507 1232 547 1060.
1277 513 1318 546 et
1357 506 1483 548 Arist.
1531 507 1610 551 Av.
1645 507 1746 549 217.

319 583 418 625 Fuit
446 581 548 624 adeo
579 597 660 623 non
687 597 859 639 poeseos
890 597 1018 640 genus
1037 615 1047 633 ,
1082 583 1151 626 sed
1180 583 1372 641 planctus
1401 583 1588 642 lugubris
1617 591 1658 626 et
1687 583 1750 625 fe-

316 661 414 702 ralis
439 659 490 702 ad
522 660 720 703 tibiarum
760 661 930 710 modos,
963 661 1116 720 quibus
1155 677 1296 704 omnes
1327 662 1416 705 fere
1443 663 1675 720 antiquitus
1691 663 1748 704 *in

316 740 435 782 luctu
470 739 723 791 utebantur,
758 755 852 783 cum
894 741 1157 783 invocatione
1189 741 1350 783 solenni
1384 742 1598 783 nominum
1639 755 1752 782 mor·

318 827 514 869 tuorum,
547 819 598 861 de
627 834 708 878 qua
738 820 860 862 Hom.
897 818 1082 869 Od.1x,
1114 822 1187 865 65.
1222 820 1276 864 A.
1295 821 1341 863 P.
1359 821 1469 871 VII,
1500 822 1599 863 486.
1632 819 1748 877 Virg.

318 899 427 941 Aen.
445 898 508 941 III
528 931 538 948 ‚
565 900 635 942 86.
670 900 824 945 lustin.
843 899 1019 949 XVIII,
1055 900 1096 941 6.
1133 903 1174 943 5.
1209 913 1236 939 >>
1255 898 1328 941 diu
1352 899 1430 941 viri
1458 899 1627 941 nomine
1653 912 1747 939 cum

315 977 459 1019 multis
506 977 691 1020 lacrimis
735 988 777 1021 et
820 977 1119 1021 lamentatione
1175 978 1416 1022 invocato.''
1478 978 1670 1035 Propert.
1701 977 1748 1023 1.

320 1057 390 1100 17.
423 1057 494 1098 23.

434 1135 512 1178 Illa
546 1150 685 1178 meum
715 1144 901 1179 extremo
932 1135 1148 1179 clamasset
1174 1136 1348 1194 pulvere
1374 1150 1524 1178 nomen
1547 1167 1558 1186 ,

494 1223 539 1257 ut
567 1215 672 1258 mihi
700 1231 783 1258 non
807 1215 895 1258 ullo
923 1215 1110 1274 pondere
1137 1226 1251 1258 terra
1282 1215 1390 1258 foret
1412 1248 1423 1265 ,

313 1292 404 1343 ΙΙΙ,
445 1295 509 1337 13.
546 1296 617 1338 28.
683 1294 798 1350 Quae
836 1293 1061 1343 ἀνάκλησις
1105 1294 1216 1353 apud
1260 1294 1401 1351 plures
1453 1293 1635 1352 populos
1674 1307 1749 1336 usu

313 1371 475 1429 viguit,
509 1373 579 1415 cui
604 1374 703 1417 ritui
730 1389 883 1417 nomen
912 1375 1070 1417 iuvenis
1094 1382 1258 1416 mature
1279 1373 1446 1431 abrepti
1474 1372 1748 1423 indiderunt,

313 1459 361 1493 ut
403 1450 631 1494 Phoenices
671 1451 870 1502 Adonin,
911 1452 1108 1510 Aegyptii
1151 1452 1442 1502 Manerotem,
1486 1451 1751 1508 Mariandyni

311 1529 509 1577 Priolan,
543 1530 651 1587 Mysi
680 1530 863 1588 denique
891 1531 1045 1588 Hylan.
1109 1529 1198 1572 Nec
1224 1529 1384 1572 diversa
1415 1531 1468 1572 ab
1495 1529 1559 1573 his
1589 1530 1751 1574 Aristo-

310 1609 443 1650 menis
477 1607 614 1651 herois
640 1607 867 1658 ἀνάκλησις
898 1610 1080 1652 carmine
1103 1609 1288 1667 elegiaco
1320 1625 1340 1651 a
1369 1609 1583 1653 Messeniis
1610 1610 1748 1662 facta,

311 1687 435 1731 Paus.
453 1688 543 1740 IV,
571 1690 643 1733 27.
670 1691 719 1735 4:
756 1705 795 1733 v.
827 1704 950 1747 supra
980 1705 1024 1747 p.
1045 1691 1114 1732 42.
1161 1689 1261 1732 Illas
1291 1688 1587 1732 moderabatur
1619 1690 1748 1733 tibia-

311 1781 408 1809 rum
448 1775 617 1809 cantus:
663 1766 820 1811 Athen.
848 1767 934 1818 IV,
973 1769 1056 1809 174
1090 1768 1140 1811 E.
1183 1766 1448 1820 ὀνομάζονται
1487 1768 1528 1811 δὲ
1559 1769 1594 1811 οἱ
1630 1768 1748 1812 αὐλοὶ

310 1845 477 1899 γίγγροι
505 1846 582 1888 ὑπὸ
612 1850 688 1889 τῶν
717 1846 901 1888 Φοινίκων
925 1847 1022 1888 ’ἀπὸ
1054 1851 1132 1889 τῶν
1158 1846 1246 1901 περὶ
1282 1848 1452 1890 Ἀδωνιν
1485 1848 1651 1901 θρήνων·
1682 1847 1751 1890 τὸν

311 1925 394 1978 γὰρ
426 1924 596 1967 ’Ἄδωνιν
631 1906 812 1977 Γίγγρην
850 1929 1018 1966 καλεῖτε
1054 1925 1170 1976 ὑμεῖς
1198 1925 1231 1967 οἱ
1265 1925 1439 1972 Φοίνικες
1458 1956 1470 1973 ,
1513 1927 1564 1973 ὥς
1604 1926 1755 1980 ἱστορεῖ

311 2002 607 2055 Δημοκλείδης.
685 2003 746 2045 De
791 2002 1074 2059 Mariandynis
1124 2002 1332 2060 Nymphis
1381 2002 1588 2046 Athenaei
1618 2005 1748 2055 XIV,

312 2085 397 2125 619
431 2083 479 2125 F.
523 2082 663 2133 ὁμοίως
699 2082 739 2124 δὲ
767 2083 836 2124 καὶ
873 2086 949 2124 τῶν
987 2082 1089 2135 ᾠδῶν
1121 2082 1228 2130 ἐνίας
1261 2084 1548 2133 κατανοήσειεν
1579 2081 1629 2124 ἄν
1655 2099 1748 2132 τις,

310 2159 361 2209 ἃς
389 2163 528 2204 ἐκεῖνοι
567 2159 679 2203 κατ-οὶ
705 2176 798 2202 τινα
833 2159 1201 2213 ἐπιχωριαζομένην
1239 2163 1335 2212 παρ’
1363 2163 1501 2208 αὐτοῖς
1543 2163 1750 2212 συνήθειαν

310 2241 473 2295 ᾄδοντες
519 2239 825 2281 ἀνακαλοῦνταί
877 2254 968 2280 τινα
1015 2242 1091 2280 τῶν
1131 2238 1343 2292 ἀρχαίων,
1389 2239 1749 2293 προςαγορεύοντες

311 2325 467 2374 Βῶρμον
499 2323 549 2374 ²).
613 2320 766 2360 Τοῦτον
797 2318 837 2360 δὲ
868 2318 1066 2368 λέγουσιν
1094 2318 1174 2371 οἷὸν
1208 2318 1394 2369 γενέσθαι
1425 2319 1562 2372 ἀνδρὸς
1592 2321 1747 2374 ἐπιφα-

361 2498 391 2541 ¹)
416 2497 470 2530 Ita
493 2494 670 2529 emendavi
698 2507 757 2541 pro
783 2494 1126 2542 vulgata:.K7]nloev
1156 2508 1195 2530 τε
1219 2498 1282 2532 καὶ
1321 2498 1435 2537 Δεῖος
1462 2497 1526 2531 καί
1550 2495 1746 2545 Τριμελής.

312 2561 590 2599 Citharoedorum
616 2575 750 2611 quoque
776 2562 895 2598 modus
920 2563 988 2598 fuit
1015 2564 1260 2613 Τετραοίδιος
1285 2564 1419 2609 dictus,
1445 2571 1479 2599 ct
1506 2565 1747 2614 Τετράκωμος

311 2645 417 2681 genus
444 2631 657 2678 αὐλήσεως,
685 2631 820 2680 Trypho
846 2632 1010 2668 Athenaei
1032 2636 1134 2678 XIV,
1160 2637 1231 2669 618
1256 2637 1290 2669 C.

360 2705 388 2748 ²)
413 2703 500 2737 Hinc
534 2701 743 2737 emendanda
768 2701 900 2736 Scholia
927 2702 969 2737 ad
1003 2705 1066 2750 Ap.
1093 2702 1154 2738 Rh.
1178 2706 1236 2746 11,
1263 2706 1345 2738 780.
1382 2704 1490 2744 ἰδίως
1525 2703 1590 2739 τὸν
1625 2705 1746 2752 3911).-

312 2772 494 2818 λούμενον
528 2771 727 2820 Πριόλαόν
750 2783 891 2816 φησιν,
933 2770 1054 2807 ἄλλων
1077 2772 1287 2821 Βάρυνον
1313 2774 1497 2823 λεγόντων
1522 2773 1585 2809 τὸν
1614 2776 1747 2810 Τιτίου

312 2840 420 2886 υἱὸν,
451 2840 500 2882 ὡς
523 2843 685 2889 Νύμφις
713 2844 774 2878 καὶ
804 2842 1100 2891 Καλλίστρατος.
1154 2841 1396 2890 Corrigendum
1422 2845 1595 2893 Βῶρμον.

1608 2899 1625 2916 ιι
