1794 3412
687 207 922 246 ..17-

192 335 267 376 ’Eu
298 330 432 379 νέκυος
459 330 617 380 ταύτην
644 328 772 374 ἵππου
798 328 1022 384 γράψασθε
1053 331 1249 382 γενέθλην

312 415 482 467 σφῆκας
500 426 509 436 ·
543 411 596 455 ἴδ’
627 410 674 463 ἐξ
704 409 791 455 οἵων
818 409 884 455 οἷα
915 412 1046 462 τίθησι
1074 411 1217 467 φύσις.

70 493 156 538 Sed
200 493 319 538 nulla
351 493 641 554 inscriptionis
685 502 784 537 nota
831 493 875 536 in
916 492 1106 537 eiusdem
1150 501 1302 553 poetae
1346 492 1536 537 versibus

72 574 187 634 App.
221 575 304 634 Ep.
337 577 404 619 14.
440 582 483 617 et
514 572 628 633 apud
656 574 889 617 Varronem
924 572 977 617 de
1006 574 1058 618 R.
1085 572 1250 620 R.111.
1287 575 1358 619 16.
1390 588 1418 616 »
1441 573 1535 616 Pri-

69 669 187 698 mum
222 669 321 715 apes
349 661 581 698 nascuntur
610 653 768 713 partim
798 668 847 697 ex
873 653 1054 713 apibus,
1087 655 1247 714 partim
1284 669 1334 698 ex
1372 653 1536 697 bubulo

69 749 250 795 corpore
280 735 540 795 putrefacto.
603 734 758 792 Itaque
791 732 1025 777 Archelaus
1051 733 1094 776 in
1127 735 1447 794 Epigrammata
1478 734 1538 777 ait

70 830 139 859 eas
163 830 252 859 esse

521 892 618 943 βοὸς
648 891 851 946 φθιμένης
882 891 1156 944 πεποτημέναι
1187 892 1329 957 τέκνα.

10 959 12 973 ¹
69 972 217 1018 mem:

183 1051 319 1097 ἵππων
348 1054 426 1106 μὲν
451 1056 612 1108 σφῆκες
639 1051 768 1104 γενεὰ
786 1085 798 1102 ,
832 1052 1006 1107 μόσχων
1031 1052 1074 1096 δὲ
1098 1052 1350 1106 μέλισσαι.”

67 1133 182 1179 Haec
233 1133 362 1177 dueta
412 1133 609 1177 videntur
651 1149 701 1177 ex
741 1132 866 1177 libris
914 1125 1120 1178 Archelai
1178 1133 1532 1186 Chersonesitae.

7 1255 8 1262 ἶ
67 1213 224 1273 quibus
252 1214 403 1258 titulus
431 1213 610 1269 Ἰδιοφυῆ
628 1246 640 1263 ,
678 1228 718 1260 ν.
745 1212 906 1259 Athen.
922 1214 984 1259 IX
1003 1247 1015 1266 ,
1045 1217 1131 1259 409
1164 1213 1215 1260 C.
1250 1214 1399 1261 Schol.
1435 1216 1536 1261 Nic.

6 1299 7 1346 j
68 1292 198 1340 Ther.
227 1297 340 1347 822,
391 1310 477 1354 quo
522 1294 781 1354 intelligitur
825 1293 936 1338 hane
979 1294 1244 1340 Mirabilium
1290 1297 1536 1356 congeriem

69 1375 194 1419 unice
226 1375 277 1419 ad
310 1375 534 1419 historiam
562 1374 800 1418 naturalem
841 1375 1126 1434 pertinuisse,
1159 1383 1203 1419 et
1228 1375 1357 1420 latius
1388 1385 1537 1437 patere

68 1470 223 1499 nomen
267 1455 462 1499 usitatius
503 1453 736 1508 Θαυμάσιά
770 1455 857 1498 sive
895 1454 1120 1509 Παράδοξα
1166 1455 1281 1516 apud
1323 1457 1535 1516 Antigon.

0 1535 2 1595 ξ
69 1534 238 1594 Caryst.
271 1550 311 1580 c.
342 1537 417 1580 89.
460 1535 533 1578 καί
562 1549 640 1578 τινι
673 1534 1005 1590 ἐπιγραμματίῳ
1034 1536 1413 1591 περιπεπτώκαμεν
1439 1541 1536 1593 Ἀρ-

0 1600 1 1616 ³
66 1613 258 1678 χελάου,
303 1612 345 1663 ὃς
394 1613 485 1669 περὶ
524 1618 603 1657 τῶν
647 1614 902 1666 Θαυμασίων
945 1614 1016 1658 καὶ
1063 1619 1184 1660 τοῦτο
1226 1615 1535 1674 καταγράφει·

68 1693 259 1738 »πάντα
289 1719 350 1726 -
379 1694 614 1749 Κέκροπα”
650 1694 788 1755 (App.
824 1696 906 1754 Ep.
934 1696 1035 1751 14),
1072 1696 1145 1740 ubi
1185 1698 1384 1758 corrige:
1419 1695 1462 1747 ὃς
1493 1699 1538 1743 ἐν

65 1776 121 1830 τῷ
152 1774 243 1830 περὶ
278 1776 532 1827 Θαυμασίων
554 1801 615 1807 —
635 1773 878 1829 ἀναγράφει
896 1807 909 1824 ,
944 1783 986 1818 et
1019 1790 1059 1820 c,
1089 1778 1159 1822 19.
1193 1778 1268 1822 καί
1292 1794 1354 1828 τις
1382 1778 1537 1833 Ἀρχέ-

65 1866 164 1906 λαος
192 1854 425 1907 Αἰγύπτιος
456 1859 536 1898 τῶν
562 1856 603 1898 ἕν
635 1852 958 1909 ἐπιγράμμασιν
990 1853 1274 1909 ἐξηγουμένων
1304 1857 1363 1901 τοὶ
1395 1858 1534 1914 παρά-

63 1934 163 1987 δοξα
189 1936 244 1990 τῷ
268 1936 531 1990 Πτολεμαίῳ.
581 1936 717 1992 Quem
742 1934 1034 1980 Ptolemaeum
1062 1935 1398 1998 Philadelphum
1427 1940 1536 1984 fuis-

66 2030 109 2060 se
139 2016 437 2060 verosimiliter
463 2023 656 2060 statuunt
688 2017 771 2061 viri
812 2015 929 2060 docti
966 2025 1144 2077 propter
1187 2016 1366 2062 Diodori
1394 2019 1534 2065 Siculi

67 2096 196 2140 verba
226 2096 312 2141 111.
346 2098 421 2141 36.
463 2095 483 2139 ὅ
514 2094 600 2150 γὰρ
631 2095 814 2151 δεύτερος
847 2103 1112 2150 Πτολεμαῖος
1144 2097 1239 2152 περί
1268 2115 1316 2142 τε
1347 2100 1423 2151 την
1453 2105 1534 2146 τῶν

65 2175 307 2231 ἐλεφάντων
338 2175 540 2228 κυνηγίαν
580 2177 870 2231 φιλοτιμηθεὶς
913 2176 983 2220 καὶ
1026 2182 1112 2227 τοῖς
1154 2178 1234 2228 τοὶς
1276 2180 1534 2236 παραδόξους

65 2257 186 2311 θήρας
218 2259 296 2299 τῶν
323 2253 630 2309 ἀλκιμωτάτων
662 2255 769 2311 ζῴων
799 2255 1049 2309 ποιουμένοις
1086 2257 1289 2310 μεγάλας
1315 2261 1536 2315 ἀπονέμων

65 2335 214 2391 δωρεὰς
246 2360 307 2369 —
337 2336 407 2379 καὶ
440 2339 519 2379 τῶν
549 2333 692 2379 ἄλλων
724 2335 830 2391 ζῴων
871 2337 1119 2391 ἀθεωρήτους
1162 2338 1232 2382 καὶ
1277 2341 1533 2396 παραδόξους

65 2417 213 2471 φύσεις
242 2416 428 2466 ἐποίησεν
459 2416 516 2465 εἷς
547 2420 698 2468 γνῶσιν
740 2417 871 2461 ἐλθεῖν
902 2422 986 2466 τοῖς
1015 2417 1235 2468 Ἕλλησιν.
1301 2421 1419 2466 Haec
1447 2422 1533 2466 mi-

67 2497 217 2541 rabilia
254 2505 297 2541 et
329 2497 505 2541 omnino
537 2498 678 2541 omnia
715 2497 965 2542 animalium
1005 2514 1159 2558 genera
1188 2499 1232 2544 in
1262 2502 1405 2560 regiae
1431 2518 1533 2563 par-

67 2587 151 2622 tem
182 2577 464 2621 Alexandriae
490 2575 671 2620 adducta
705 2577 832 2620 fuisse
861 2586 903 2622 et
934 2594 1011 2638 per
1053 2596 1098 2623 se
1123 2580 1349 2640 probabile
1386 2592 1429 2627 et
1466 2583 1535 2627 di-

66 2658 187 2701 sertis
219 2657 359 2701 verbis
383 2664 562 2701 testatur
580 2657 824 2701 Athenaeus
850 2657 978 2711 XIV,
1015 2662 1102 2704 654
1136 2660 1186 2706 G.
1220 2668 1484 2715 Πτολεμαῖος
1510 2665 1532 2708 ὅ

66 2737 267 2790 βασιλεὺς
295 2739 337 2781 ἐν
364 2740 420 2793 τῷ
448 2737 748 2793 δυοκαιδεκάτῳ
779 2742 858 2781 τῶν
889 2741 1224 2793 Ὑπομνημάτων
1251 2742 1341 2796 περὶ
1379 2748 1458 2787 τῶν
1490 2745 1533 2787 ἐν

65 2817 358 2876 Ἀλεξανδρείᾳ
388 2819 614 2873 βασιλείων
648 2819 783 2871 λέγων
813 2818 881 2863 καὶ
910 2823 987 2864 τῶν
1014 2822 1055 2864 ἐν
1082 2823 1223 2870 αὐτοῖς
1253 2822 1359 2877 ζῴων
1382 2828 1528 2880 τρεφο-

1197 2902 1226 2944 2
