1794 3412
0 653 5 820 g

0 842 3 956 ι

661 257 931 297 —155—

190 381 427 436 Άβρότονον
461 382 650 435 Θρήϊσσα
681 382 785 433 γυνὴ
817 380 959 434 γένος·
993 379 1114 423 ἀλλὰ
1144 378 1333 423 τεκέσθαι

308 464 377 506 τὸν
408 463 549 515 μέγαν
578 463 783 512 Ἕλλησιν
813 462 922 518 Φασὶ
957 460 1264 515 Θεμιστοκλέα.

73 545 155 602 Qui
200 560 340 589 versus
380 545 581 604 leguntur
610 546 738 589 etiam
770 545 814 587 in
843 543 978 589 Anth.
1020 543 1112 589 Pal.
1141 542 1254 596 Vll,
1289 543 1392 587 306.
1427 548 1531 585 tam-

70 640 197 686 quam
224 625 421 686 sepulcro
451 625 642 669 mulieris
669 624 894 684 inscripti:

188 706 428 761 ·Αβρότονον
459 707 646 761 Θρήϊσσα
676 707 780 758 γυνὴ
812 705 938 750 πέλον
955 721 965 730 ·
997 705 1118 749 ἀλλὰ
1146 704 1338 750 τεκέσθαι

309 788 379 831 τὸν
406 787 551 839 μέγαν
578 787 783 837 Ἕλλησιν
811 786 926 841 Φημὶ
959 784 1267 838 Θεμιστοκλέα.

70 867 184 912 Plut.
218 867 368 912 Them.
413 882 453 912 c.
482 870 524 913 1.
586 867 646 912 Ut
683 865 865 910 Athenis
904 865 1087 923 vulgaris
1126 864 1234 908 haec
1270 863 1357 908 fuit
1387 864 1534 908 inimi·

67 962 213 991 corum
254 946 500 994 calumnia,
549 961 632 1005 qua
681 944 998 1004 Cleophontem
1050 945 1178 1004 petiit
1224 944 1535 1004 Aristophanes

68 1028 176 1074 Ran.
205 1028 310 1072 679.
342 1035 385 1070 et
424 1026 531 1070 alios
571 1025 658 1071 alii.
721 1024 932 1070 Leonidas
974 1032 1117 1069 autem
1149 1025 1406 1069 Tarentinus
1433 1041 1533 1085 pro-

65 1116 161 1166 pter
185 1115 369 1150 metrum
394 1107 578 1166 primam
620 1105 828 1165 syllabam
854 1105 1026 1164 gentilis
1051 1104 1269 1161 Θροϊίσσα,
1304 1121 1347 1151 v,
1378 1105 1535 1166 Steph.

68 1188 178 1247 Byy.
212 1189 256 1231 in
285 1202 326 1232 v.
362 1187 621 1247 Theognost.
656 1187 762 1233 Can.
806 1203 851 1247 p.
884 1190 954 1233 17.
993 1189 1062 1234 12.
1106 1203 1153 1247 p.
1184 1189 1259 1232 99.
1293 1189 1367 1233 25.
1400 1188 1536 1232 corri-

66 1269 179 1328 puit.
241 1268 364 1326 Quod
387 1269 441 1312 ab
471 1271 565 1329 ipso
595 1276 720 1330 poeta
747 1269 910 1312 factum
940 1283 1030 1312 esse
1073 1267 1356 1312 libentissime
1387 1268 1534 1315 credo.

68 1348 152 1394 Sed
183 1357 350 1394 caetera
380 1364 490 1410 quae
515 1350 559 1393 in
594 1349 679 1394 hoc
715 1364 802 1394 uno
827 1349 1017 1393 carmine
1047 1349 1278 1409 singularia
1307 1350 1535 1394 inveniun-

70 1440 167 1483 tur,
199 1431 475 1476 librariorum
509 1431 728 1475 erroribus
760 1430 910 1475 deberi
939 1438 1064 1491 puto.
1126 1431 1240 1475 Ilinc
1269 1431 1440 1475 fluxisse
1472 1432 1537 1474 vi·

70 1511 196 1555 detur
237 1511 353 1571 quod
399 1512 566 1556 editum
602 1519 736 1555 exstat
767 1526 831 1558 vs.
858 1514 901 1556 2.
943 1510 1011 1557 ἐπὶ
1043 1514 1101 1567 τᾷ·
1133 1510 1236 1566 δδῷ,
1282 1510 1400 1570 quod
1440 1526 1537 1555 mu-

70 1592 246 1637 tandum
291 1608 443 1637 censeo
482 1593 527 1636 in
562 1593 642 1637 ὑπὸ
670 1596 729 1649 τᾷ
766 1591 865 1647 δρυΐ.
931 1593 1174 1636 Extremam
1216 1593 1333 1636 enim
1364 1592 1536 1636 articuli

69 1674 259 1718 vocalem
303 1683 348 1719 et
391 1675 573 1735 primam
614 1673 869 1717 substantivi
909 1673 954 1717 in
992 1687 1120 1717 unam
1154 1672 1361 1731 syllabam
1393 1674 1536 1719 coale-

66 1770 183 1800 scere
214 1771 337 1816 posse
368 1756 412 1799 in
441 1755 635 1800 versibus
674 1763 827 1816 poetae
865 1753 1017 1798 doctae
1048 1754 1284 1814 elegantiae
1312 1754 1537 1799 studiosis·

67 1838 165 1880 simi
206 1837 273 1880 vix
316 1836 505 1880 adducor
541 1845 590 1879 ut
619 1835 791 1880 credam
826 1850 964 1895 eoque
999 1835 1142 1878 minus
1182 1834 1300 1894 quod
1333 1834 1441 1880 haec
1481 1835 1538 1879 li·

65 1919 206 1962 centia
231 1918 477 1961 cumulatur
505 1918 638 1961 altera
669 1919 713 1960 in
743 1931 866 1960 versu
894 1917 1054 1966 tertio,
1088 1916 1164 1959 ubi
1184 1948 1196 1967 ,
1230 1916 1368 1960 vocali
1394 1917 1534 1977 prima

67 2000 395 2059 praepositionis
439 1999 539 2042 elisa
582 1996 854 2042 scribendum
893 1998 1035 2041 foret:
1082 1996 1114 2039 οἱ
1158 1986 1271 2048 yur&
1310 1998 1385 2041 ’vr'
1427 1998 1534 2042 ἐκεί-

66 2097 151 2124 νων.
217 2082 336 2138 Quae
365 2095 557 2140 apocope
598 2080 705 2123 mihi
746 2088 888 2122 tamen
922 2079 965 2122 in
995 2078 1186 2122 Leonida
1229 2094 1315 2122 non
1358 2079 1535 2123 ferenda

68 2160 254 2206 videtur.
318 2161 408 2205 Nec
446 2159 675 2203 admodum
719 2159 990 2219 probandum
1037 2158 1154 2219 quod
1186 2160 1298 2205 idem
1330 2176 1411 2220 pro
1441 2160 1534 2204 vul-

69 2240 160 2297 gari
187 2241 349 2284 Graeca
380 2240 571 2283 dictione
599 2240 686 2283 ἄνθ’
718 2238 795 2288 ὧν,
831 2240 861 2282 i.
885 2254 924 2284 e.
957 2237 1019 2282 ὅτι
1047 2238 1233 2283 scribere
1259 2240 1412 2284 maluit
1438 2242 1534 2286 ἄντ’

69 2321 227 2364 ἐκείνων
267 2319 332 2364 ὧν.
409 2323 680 2380 Quapropter
727 2320 832 2364 haec
875 2322 1016 2363 omnia
1060 2335 1170 2380 quae
1211 2323 1533 2381 corruptissima

68 2400 264 2444 habenda
309 2410 407 2444 sunt
446 2401 500 2444 ab
535 2390 800 2444 acutioribus
832 2409 1026 2444 sanatum
1069 2402 1124 2444 iri
1166 2416 1309 2461 spero.
1371 2402 1534 2448 Ultima

71 2482 362 2540 inscriptionis
392 2481 520 2524 verba
547 2480 826 2524 describenda
853 2481 999 2525 curavi
1025 2496 1076 2526 ex
1099 2482 1336 2527 Herm-'inni
1363 2492 1535 2529 senten·

71 2565 130 2606 tia
159 2578 182 2605 a
214 2563 430 2607 Meinekio
462 2562 675 2621 probata3
711 2562 872 2607 codex:
909 2562 1050 2617 ἔθρεψε
1082 2566 1212 2616 τιμᾶν
1244 2563 1306 2608 ἔτι
1342 2566 1536 2619 χρησίμω

69 2648 249 2700 τελευτᾷ
267 2677 280 2693 ,
316 2659 426 2703 quae
457 2658 605 2688 vereor
634 2652 681 2686 ut
709 2651 824 2687 recte
853 2645 1074 2688 emendata
1107 2647 1207 2691 sint.
1270 2645 1355 2690 Sed
1379 2647 1536 2691 melius

68 2725 171 2784 quid
226 2724 427 2786 equidem
482 2726 736 2784 investigare
781 2740 864 2768 nou
908 2727 1065 2784 potui,
1115 2728 1217 2770 alios
1263 2727 1537 2787 indagaturus

73 2820 160 2850 esse
187 2823 271 2850 non
302 2807 471 2852 dubito.

131 2886 454 2946 Inscriptionem
490 2888 532 2931 in
572 2903 728 2946 equum
762 2887 984 2943 ἀθλοφόρον
1029 2890 1222 2949 sepulcro
1256 2899 1451 2936 ornatum
1484 2907 1532 2936 ex
