1794 3412
652 246 919 287 *153-

20 357 21 360 ¹
69 380 109 415 et
135 374 207 415 39.
267 370 533 423 Ἐμμενίδαις
564 371 718 425 Θήρωνί
741 372 780 413 τ’
806 371 936 413 ἐλθεῖν
962 367 1101 417 κῦδος,
1137 367 1319 411 εὐίππων
1346 364 1530 409 διδόντων

67 451 342 506 Τυνδαριδᾶν,
379 451 632 512 intelligitur
668 451 894 495 victoriam
926 447 1135 494 Euseneti
1163 448 1291 492 fuisse
1317 447 1528 492 curulem.

67 531 187 577 Idem
229 533 456 577 discretius
501 533 553 577 de
585 533 879 578 Parmenontis
928 531 1109 575 victoria
1139 537 1318 574 testatur
1355 531 1532 586 Anony-

66 626 159 656 mus
188 614 229 657 in
255 614 534 673 inscriptione
566 614 620 660 A.
650 614 698 657 Ρ.
727 612 834 657 XIII
854 644 866 663 ,
905 613 975 656 18.

186 692 361 738 Χαλκεα
392 693 496 748 ἔργα
527 693 715 746 λέγοισθε
747 694 837 742 θοῆς
869 692 1049 735 ἐπινίκια
1080 693 1219 735 πώλου

305 773 393 826 ἥτις
425 779 676 828 κεντρομανῆ
707 772 906 825 λαβοῦσα
936 772 1074 816 παῖδα
1091 805 1104 821 ,

185 856 296 904 Ψιλὴ
325 855 466 907 λευρὸν
492 852 605 898 ἔθυσε
637 852 728 907 περὶ
760 852 904 907 δρόμον
922 867 932 878 ”
965 853 1012 895 ἐκ
1038 851 1073 896 δ’
1101 851 1167 905 ἄρ’
1199 851 1349 896 ἐκείνου

305 933 527 987 Παρμένων
557 932 736 988 χρυσέης
768 933 916 988 κύρησε
949 933 1075 983 νίκης.

184 1015 386 1069 Φώκριτε,
420 1015 476 1068 σῷ
509 1014 543 1058 δ’
574 1012 658 1069 ἄρα
687 1014 805 1058 παιδὶ
840 1013 910 1057 καὶ
942 1014 1138 1058 εΤλαΐδαι
1164 1013 1371 1066 βασιλῆες

302 1094 497 1151 πατρῴων
524 1094 667 1139 ἔδοσαν
697 1100 853 1150 λαχεῖν
884 1094 1055 1139 ἀέθλων.

0 1223 1 1227 ,
66 1175 196 1220 Cuius
224 1178 421 1221 carminis
464 1192 608 1221 sensus
633 1177 806 1237 penitus
839 1177 1087 1220 obscuratus
1115 1185 1179 1220 est
1210 1192 1232 1219 a
1259 1176 1420 1219 criticis
1452 1175 1528 1235 qui

0 1285 1 1288 =
64 1271 231 1301 versum
258 1256 490 1302 secundum
519 1259 639 1302 cuius
663 1257 916 1302 sententiam
945 1272 1030 1301 non
1060 1263 1362 1317 perspexerant
1390 1257 1433 1300 in
1462 1257 1527 1300 in-

62 1346 226 1397 tegrum
257 1338 338 1382 sibi
364 1339 598 1383 restituisse
624 1339 706 1382 visi
734 1345 834 1382 sunt
867 1345 1049 1381 assumta
1087 1336 1270 1381 Iacobsii
1299 1337 1528 1381 coniectu-

60 1434 107 1462 ra
129 1452 142 1471 ,
184 1435 234 1463 ex
261 1420 381 1464 cuius
420 1420 630 1464 sententia
669 1418 1057 1478 hendecasyllabon
1090 1419 1280 1479 primum
1312 1418 1384 1463 hic
1422 1433 1527 1478 quo-

62 1513 148 1558 que
183 1499 345 1544 editum
377 1501 510 1546 vides.
573 1499 658 1545 Sed
692 1499 855 1544 codex:
891 1498 979 1552 ἥτις
1022 1503 1293 1554 κεντρορραγῆ
1328 1499 1529 1550 βαλοῦσα

58 1580 209 1624 παῖδα.
274 1582 331 1625 Et
355 1581 555 1633 βαλοῦσα
579 1580 716 1625 παῖδα
742 1581 1010 1625 sanissimum
1031 1595 1122 1623 csse
1145 1579 1271 1624 docet
1297 1580 1530 1624 Pausaniae

60 1661 181 1706 locus
217 1661 271 1706 vl
291 1695 302 1715 ,
342 1665 411 1708 13.
449 1667 492 1708 5.
526 1664 550 1714 ἧ
577 1661 619 1706 δὲ
650 1659 775 1712 ἵππος
802 1664 826 1714 ἡ
853 1664 926 1706 τοῦ
958 1660 1156 1716 Κορινθίου
1184 1660 1370 1706 Φειδώλα
1399 1662 1528 1714 ὄνομα

58 1743 166 1795 μὲν,
199 1745 252 1792 ὥς
283 1744 318 1787 οἱ
349 1743 536 1798 Κορίνθιοι
567 1742 887 1796 μνημονεύουσιν
905 1776 917 1793 ,
952 1742 1043 1797 ἔχει
1074 1741 1222 1798 Αὔρα,
1255 1742 1326 1785 τὸν
1356 1741 1398 1785 δὲ
1423 1743 1527 1785 ἀνα-

58 1822 199 1876 βάτην
226 1823 286 1868 ἔτι
320 1824 553 1878 ἀρχομένου
584 1828 656 1868 τοῦ
688 1823 834 1879 δρόμου
870 1822 1093 1867 συνέπεσεν
1121 1822 1363 1875 ἀποβαλεῖν
1395 1823 1528 1873 αὐτὴν

59 1903 128 1947 καὶ
154 1903 266 1947 οὐδέν
297 1921 337 1948 τι
367 1904 487 1956 ἧσσον
522 1903 668 1948 θέουσα
693 1905 735 1947 ἐν
768 1903 908 1958 κόσμῳ
939 1903 1032 1958 περί
1062 1919 1110 1947 τε
1141 1903 1215 1953 την
1247 1903 1401 1947 νύσσαν
1433 1902 1526 1947 ε’πέ·

58 1989 213 2041 στρεφε
235 1984 305 2028 καὶ
334 1986 423 2030 ἐπεὶ
449 1990 523 2036 τῆς
545 1985 791 2038 σάλπιγγος
819 1985 1011 2036 ἤκουσεν,
1045 1982 1308 2038 ἐπετάχυνεν
1333 1984 1375 2033 ἐς
1401 1984 1528 2028 πλέον

58 2069 130 2110 τοῦ
162 2065 307 2120 δρόμου
334 2067 421 2110 xrs.
485 2066 572 2112 Ubi
604 2066 779 2110 malim:
816 2065 1100 2121 περιέστρεφε.
1137 2065 1193 2110 Et
1220 2079 1380 2125 pueros
1401 2066 1527 2126 equi-

62 2146 180 2190 tandi
226 2147 328 2190 artis
374 2148 534 2207 peritos
576 2163 701 2206 saepe
744 2146 873 2190 fuisse
913 2162 1124 2205 equorum
1165 2156 1383 2200 vectores,
1419 2163 1527 2208 quos

63 2226 192 2271 hodie
219 2228 401 2286 Anglico
427 2228 597 2271 nomine
626 2227 769 2271 dicere
796 2235 1133 2280 consueverunt,
1166 2236 1286 2287 patet
1309 2244 1358 2273 ex
1387 2229 1525 2273 verbis

64 2307 272 2352 Callixeni
294 2307 404 2368 apud
435 2306 595 2352 Athen.
616 2308 682 2362 V,=
716 2311 790 2352 32.
821 2309 908 2352 200
940 2309 993 2354 Ε.
1058 2309 1172 2353 Hinc
1190 2310 1386 2369 sequitur
1413 2310 1525 2354 male

60 2389 302 2434 Iacobsium
333 2389 590 2433 adiectivum
613 2391 719 2443 ψιλή
750 2390 1079 2449 interpretatum
1102 2404 1190 2434 esse
1219 2389 1271 2433 de
1296 2405 1409 2450 equo
1437 2406 1526 2434 non

63 2474 298 2522 instrato,
333 2486 466 2532 quum
511 2470 814 2531 intelligendus
846 2472 900 2514 sit
929 2486 1070 2530 equus
1108 2477 1286 2515 vectore
1326 2471 1527 2516 destitu-

64 2558 154 2597 tus.
218 2550 368 2612 Neque
400 2561 514 2596 recte
547 2552 784 2597 Meinekius
824 2551 989 2597 Delect.
1035 2569 1078 2612 p.
1111 2554 1215 2600 238.
1259 2569 1337 2613 pro
1373 2554 1525 2598 ἐκείνου

62 2642 276 2692 praestare
306 2633 474 2692 putavit
514 2632 697 2676 scribere
741 2633 908 2682 ἐκείνης.
975 2634 1214 2679 Pronomen
1256 2636 1368 2679 enim
1412 2634 1524 2679 redit

62 2714 114 2756 ad
146 2713 382 2757 universam
414 2714 665 2757 sententiam
699 2727 984 2773 praegressam
1007 2748 1018 2766 ,
1054 2730 1136 2774 qua
1176 2716 1284 2758 mira
1318 2717 1419 2774 equi
1452 2731 1522 2761 ce·

65 2793 250 2839 lebratur
294 2795 478 2856 peritia,
526 2797 703 2839 minime
746 2795 798 2838 ad
843 2811 973 2839 unum
1018 2797 1327 2841 substantivum
1369 2801 1517 2847 πῶλος.

66 2874 330 2921 Adiectivum
361 2883 630 2931 κεντρορραγῆ
654 2878 686 2920 si
712 2876 846 2921 active
872 2877 1142 2935 interpretari
1168 2877 1317 2921 liceret
1343 2877 1393 2922 de
1418 2894 1523 2936 pue-
